3120 4966
286 1473 340 1569 De
363 1503 530 1567 scoliorum
553 1516 608 1566 seu
631 1499 805 1564 carminum
829 1501 1051 1577 convivalium,
1075 1478 1154 1583 quae
1178 1502 1269 1565 erant
1288 1500 1372 1583 apud

183 1614 331 1696 Graecos,
355 1614 475 1698 origine
499 1632 535 1678 ac
558 1614 671 1677 natura
687 1612 715 1676 si
738 1612 795 1678 hoo
809 1612 916 1678 libello
934 1612 1178 1695 disputationem
1195 1612 1370 1693 instituere

184 1746 273 1793 nemo
296 1728 372 1809 puto
401 1724 580 1805 mirabitur,
613 1725 667 1808 qui
689 1743 749 1807 quo
772 1724 840 1788 loco
863 1743 899 1789 ea
922 1725 965 1789 sit
986 1725 1127 1807 quaestio
1150 1725 1208 1789 hoc
1231 1726 1371 1808 tempore

182 1841 358 1905 accuratius
388 1837 589 1902 intellexerit.
621 1839 745 1902 tantum
776 1837 860 1900 enim
890 1835 989 1920 abest,
1017 1838 1053 1900 ut
1076 1857 1113 1902 ea
1134 1855 1183 1900 res
1206 1837 1272 1901 iam
1302 1855 1369 1902 con·

183 1950 267 2015 fecta
289 1951 331 2014 sit
354 1949 448 2031 atque
471 1947 636 2031 explicata,
660 1949 696 2012 ut
717 1951 788 2030 post
811 1967 857 2027 ea,
881 1966 959 2031 quae
984 1950 1057 2012 ante
1080 1947 1136 2012 hos
1160 1949 1287 2012 centum
1308 1948 1373 2014 fere

182 2079 282 2126 annos
310 2061 400 2144 Ilgen
435 2059 617 2143 disputavit,
653 2059 735 2124 nihil
765 2061 828 2125 fere
858 2079 876 2126 a
906 2060 982 2124 viris
1016 2059 1113 2125 doctis
1146 2059 1297 2125 collatum
1330 2061 1373 2126 sit

183 2176 224 2236 ad
239 2172 321 2236 hanc
336 2171 550 2254 quaestionem
565 2170 801 2252 expediendam.
834 2172 950 2255 ilgenii
965 2175 1071 2237 autem
1086 2172 1241 2251 libellum,
1260 2191 1371 2256 quam-

185 2301 281 2365 quam
297 2283 324 2347 is
341 2283 499 2349 laudabile
515 2282 640 2349 sanein
664 2302 700 2348 ea
723 2301 756 2347 re
780 2283 968 2365 exploranda
990 2283 1095 2366 posuit
1119 2285 1268 2363 studium,
1294 2302 1373 2367 quae

185 2399 235 2458 est
258 2394 435 2460 litteramm
458 2396 660 2477 antiquarum
685 2394 744 2459 hac
763 2397 867 2459 aetate
884 2396 1032 2480 condicio,
1056 2412 1116 2460 non
1133 2395 1218 2461 omni
1233 2415 1269 2461 ex
1283 2399 1373 2480 parte

184 2507 273 2572 nobis
302 2524 393 2590 posse
427 2506 605 2572 satisfacere
628 2505 682 2589 qui
705 2505 757 2571 vel
781 2506 900 2589 aliquot
924 2509 989 2572 eius
1012 2508 1145 2592 paginas
1174 2509 1274 2576 obiter
1301 2529 1373 2592 per-

185 2617 370 2683 lustraverit
389 2618 482 2684 facile
502 2619 677 2702 intelleget.
704 2637 784 2702 quae
806 2639 878 2684 cum
899 2620 946 2684 ita
967 2621 1041 2697 sint,
1068 2619 1148 2686 haud
1170 2621 1247 2685 mihi
1265 2640 1373 2687 veren-

185 2733 261 2796 dum
277 2749 343 2796 esse
357 2733 444 2814 puto,
461 2751 499 2797 ne
515 2751 581 2796 rem
599 2735 704 2796 actam
720 2750 812 2814 agere
828 2732 943 2812 videar,
968 2733 996 2796 si
1012 2734 1082 2815 post
1097 2733 1254 2815 llgenium
1269 2736 1371 2798 denuo

184 2861 255 2906 eam
278 2862 346 2908 rem
369 2844 399 2908 in
424 2845 683 2925 disceptationem
707 2843 900 2909 vocaverim:
934 2861 1126 2926 quamquam
1154 2844 1232 2909 bene
1260 2826 1389 2928 sentio,

183 2971 280 3034 quam
304 2957 438 3019 arduum
461 2955 504 3018 sit
527 2973 605 3035 opus
630 2954 777 3038 aleaeque
799 2957 929 3038 plenum
952 2955 985 3018 in
1010 2974 1045 3021 ea
1067 2955 1250 3038 quaestione
1273 2957 1371 3040 expli·

185 3065 286 3129 canda
308 3065 435 3144 versari,
466 3065 520 3130 ubi
545 3066 668 3148 saepius
691 3066 806 3148 quibus
833 3067 981 3132 innitaris
1009 3069 1096 3132 certa
1127 3067 1230 3133 desint
1260 3069 1373 3134 funda·

186 3179 294 3241 menta
322 3195 368 3254 ac,
398 3196 470 3242 cum
500 3197 562 3244 non
591 3199 628 3243 en
656 3181 744 3263 largo
773 3179 868 3260 fonte,
903 3179 958 3245 sed
988 3200 1023 3246 ex
1052 3183 1140 3246 tenui
1168 3200 1266 3264 aquae
1295 3201 1374 3248 vena

185 3286 310 3352 haurire
333 3287 422 3354 nobis
444 3290 548 3370 liceat,
575 3290 735 3356 interdum
766 3292 805 3356 ad
834 3293 1027 3356 coniecturas
1051 3292 1294 3376 confugiendum
1318 3294 1372 3358 sit.

218 3486 221 3490 ι
289 3400 382 3465 Hanc
405 3400 504 3484 igitur
525 3403 739 3484 quaestionem
761 3402 966 3469 instituturus
996 3407 1069 3469 ante
1098 3406 1204 3470 omnia
1232 3405 1265 3469 id
1294 3405 1374 3471 mihi

186 3514 342 3594 proposui,
372 3517 406 3579 ut
428 3514 555 3579 firmum
579 3516 639 3582 toti
662 3515 840 3598 quaestioni
863 3517 954 3598 quasi
976 3516 1218 3581 fundamentum
1240 3519 1373 3584 iacerem

186 3627 329 3690 vetemm
345 3625 537 3691 testimoniis
553 3627 587 3691 in
603 3629 741 3693 medium
757 3627 889 3710 prolatis
905 3633 999 3711 atque
1016 3633 1159 3696 accurate
1177 3632 1372 3711 examinatis,

184 3755 223 3800 ne
247 3737 436 3802 coniecturis
459 3739 548 3803 vanis
564 3758 661 3821 neque
680 3744 823 3804 veterum
845 3741 1034 3805 auctoritate
1056 3759 1157 3823 neque
1180 3742 1284 3806 indole
1307 3761 1373 3806 ser·

186 3849 288 3915 monis
311 3852 343 3914 et
365 3850 467 3932 poesis
483 3848 619 3917 Graecae
643 3851 852 3934 comprobatis
876 3853 1024 3936 deceptus
1047 3872 1066 3918 a
1088 3855 1174 3919 recta
1190 3854 1372 3935 disputandi

186 3960 239 4026 via
261 3961 450 4027 aberrarem.

290 4074 403 4139 Totam
427 4076 533 4140 autem
557 4077 770 4157 quaestionem
786 4079 832 4143 ita
847 4095 918 4142 sum
933 4078 1138 4158 tractaturus,
1162 4080 1199 4141 ut
1214 4075 1372 4143 scribendi

186 4184 341 4267 principia
370 4186 490 4269 capiam
519 4206 538 4252 a
566 4188 779 4272 disputatione
809 4190 846 4255 de
880 4189 1036 4255 veteribus
1071 4190 1283 4271 scriptoribus,
1318 4189 1372 4274 qui

187 4296 226 4361 de
237 4298 405 4364 scoliomm
416 4299 502 4382 poesi
515 4303 656 4383 egerunt,
671 4320 708 4368 ac
720 4301 831 4367 deinde
845 4303 982 4367 virorum
999 4303 1171 4376 doctorum,
1195 4302 1248 4383 qui
1265 4302 1374 4368 nostra

1181 4408 1194 4456 1
1202 4406 1219 4440 ἕ
