3120 4966
675 306 889 371 ..41-

179 496 240 579 μὲν
262 504 392 580 πρῶτος
414 499 583 560 τελειῶσαι
605 496 664 559 τὸν
679 498 786 580 νόμον
808 496 906 584 ironica
923 498 1029 582 μέτρῳ
1044 493 1259 580 χρησάμενος.
1283 512 1370 576 prae-

182 610 229 672 ter
245 626 281 672 ea
296 606 486 672 Plutarchus
508 608 545 671 de
560 626 641 672 mus.
659 625 685 674 o.
696 607 739 672 28
763 625 834 671 eum
857 607 974 670 orthios
990 609 1022 670 et
1037 608 1197 672 trochaeos
1213 607 1370 672 sementes

181 718 337 783 invenisse
360 717 455 796 dicit,
483 719 637 801 aquibus
659 719 770 783 metris
798 718 894 797 etiam
918 718 1049 784 duomm
1073 736 1237 784 nomcrum
1260 737 1374 802 genera

181 831 309 895 nomina
334 831 490 911 accepisse
514 829 612 894 tradit
634 829 747 894 Pollux
771 829 881 896 Onom.
904 829 950 893 IV
975 831 1033 896 65:
1071 831 1136 894 ολνιὸ
1166 831 1202 894 δὲ
1232 831 1375 914 ῥυθμῶν

185 945 311 1025 Ορθιος
331 943 388 1006 καλ
414 946 574 1027 Τροχαῐος
602 941 682 1026 (scil.
707 946 810 1025 νόμος
832 945 982 1024 λέγεται).
1014 945 1119 1023 itaque
1143 944 1216 1006 anie
1238 942 1375 1026 Terpan-

185 1056 277 1119 drum
300 1055 437 1119 metrum
452 1054 613 1120 heroicum
635 1052 700 1119 iere
716 1053 819 1118 solum
841 1054 876 1118 iu
891 1072 951 1118 usu
967 1053 1064 1120 fuisse
1080 1054 1215 1132 videtur,
1240 1057 1273 1118 et
1297 1072 1376 1135 quae

191 1167 368 1248 Terpander
390 1167 511 1232 invenit
533 1169 650 1245 metra,
673 1166 854 1231 trochaeum
877 1169 1056 1232 sementum
1079 1169 1112 1230 et
1134 1166 1272 1231 orthium
1297 1165 1376 1242 dico,

187 1280 232 1344 ita
246 1280 427 1360 comparata
443 1280 550 1356 erant,
574 1277 602 1341 si
618 1279 790 1343 metrorum
813 1277 942 1342 illorum
965 1297 1057 1343 usum
1073 1278 1224 1344 melicum
1241 1276 1375 1360 spectas,

191 1396 303 1458 utnon
319 1391 364 1455 ita
380 1392 517 1454 multum
537 1389 699 1454 differrent
723 1408 741 1453 a
758 1408 850 1456 versu
866 1391 990 1456 heroico
1015 1389 1068 1474 (cf.
1085 1389 1243 1456 Rossbach
1251 1390 1378 1455 -West

191 1503 276 1586 phal,
300 1503 419 1586 Metrilr
441 1499 597 1585 112280).
621 1521 717 1586 quam
739 1522 807 1568 rem
829 1503 907 1582 iam,
932 1521 992 1586 quo
1016 1502 1140 1568 facilius
1162 1501 1377 1586 intellegatur,

191 1615 249 1679 hac
271 1614 380 1679 tabula
402 1615 561 1698 proposita
583 1615 766 1680 illustrabo:
891 1620 894 1625 '

188 1796 337 1861 carminis
360 1796 464 1861 textus
546 1811 552 1833 '

196 1938 450 2237 citharaesonil
491 2061 583 2082 -νυ
647 2061 739 2083 -vu
803 2061 895 2083 —cc
969 2063 1061 2083 -oc
1254 2058 1347 2081 -w

197 2312 276 2375 unde
297 2316 427 2395 apparet
450 2314 574 2395 poetam
597 2314 629 2377 id
653 2316 766 2397 egisse,
791 2318 826 2379 ut
848 2333 994 2381 numeros
1017 2315 1056 2379 ad
1072 2313 1245 2379 hexametri
1268 2313 1379 2396 dacty-

195 2421 247 2487 lici
260 2440 403 2488 normam
421 2427 678 2491 accommodaret.
696 2426 769 2492 ante
781 2427 999 2509 Terpandrum
1015 2426 1123 2508 igitur,
1141 2427 1177 2489 ut
1191 2425 1282 2490 modo
1299 2425 1381 2489 dixi·

193 2553 271 2614 mus,
287 2527 422 2602 metrum
439 2536 472 2601 in
492 2538 691 2617 carminibus,
708 2541 734 2604 si
750 2538 889 2603 carmina
904 2537 1064 2621 popularia
1079 2537 1166 2602 nullo
1182 2538 1266 2602 certo
1281 2539 1383 2602 metro

195 2647 326 2712 astricta
349 2650 521 2732 exceperis,
555 2650 713 2716 heroicum
736 2650 837 2714 solum
866 2650 964 2715 fuisse
988 2651 1120 2715 videtur.
1159 2650 1252 2732 atque
1278 2649 1384 2731 ipsum

196 2759 275 2825 illud
297 2762 454 2837 metrum,
491 2781 550 2844 quo
580 2762 721 2827 carmina
749 2761 970 2844 antiquissima
993 2761 1136 2826 confecta
1166 2764 1270 2838 erant,
1306 2759 1383 2825 olim

131 2931 136 2939 .
196 2871 336 2937 orthium
359 2872 553 2954 appellatum
578 2892 654 2957 esse,
678 2893 714 2938 ex
730 2873 917 2954 quibusdam
940 2892 1016 2956 quae
1039 2875 1134 2938 etiam
1157 2891 1239 2937 nuno
1259 2873 1384 2937 exstant

195 2983 336 3067 vestigiis
381 2984 523 3051 conicias.
595 2986 773 3069 Hesychius
816 2985 900 3051 enim
946 2984 1077 3049 verbum
1124 2983 1292 3069 ὀρθιάζειν
1336 3003 1385 3048 ex·

144 3164 149 3177 ,
194 3095 292 3177 plicat
315 3098 410 3162 verbo
433 3101 669 3181 μαντεύεσθαι,
699 3102 837 3180 respecto
865 3097 1011 3162 videlicet
1032 3097 1181 3179 rhythmo
1205 3097 1307 3160 orthio
1333 3096 1386 3160 vel

195 3208 348 3290 dactylico
371 3210 405 3273 in
427 3212 562 3277 craculis
586 3209 804 3287 usitatissime,
828 3212 922 3291 atque
946 3209 1055 3273 eadem
1077 3210 1183 3291 glossa
1212 3208 1329 3292 legitur
1351 3208 1384 3273 in

197 3316 303 3382 Photii
326 3318 432 3398 lexico,
457 3324 509 3388 ubi
532 3342 587 3405 pro
610 3320 780 3406 ὀρθιάζειν
803 3323 906 3386 exstat
930 3319 1130 3406 ὀρθριολζειν.
1166 3320 1279 3384 deinde
1302 3322 1386 3401 apud

195 3432 374 3516 Longinum
389 3434 440 3499 III
458 3435 475 3498 7
493 3436 541 3500 ed.
558 3437 685 3501 Weiske
709 3434 760 3520 (cf.
784 3432 916 3516 Longini
938 3432 1159 3515 prolegomena
1180 3432 1219 3495 ad
1239 3430 1386 3513 Hephae·

200 3548 334 3610 sticnem
359 3545 422 3610 VII
445 3566 476 3628 p.
503 3548 562 3611 141
589 3547 635 3610 ed.
660 3545 819 3628 Gaisiord)
850 3544 1006 3628 aPythia
1028 3545 1091 3627 (rol
1115 3543 1251 3624 Orpheo)
1277 3560 1384 3606 versus

198 3656 377 3722 hexameter
393 3658 568 3741 dactylicus
584 3663 702 3742 ὄρθιος
716 3660 906 3724 nominatur.
931 3656 1005 3722 haec
1021 3656 1105 3720 enim
1117 3653 1199 3719 dicit
1211 3655 1386 3738 Longinus:

198 3770 248 3833 ὅτι
277 3771 313 3834 er
343 3781 442 3836 τοῦτο
479 3772 559 3853 (scil.
590 3777 712 3856 μέτρον
744 3775 911 3853 καλοῦμεν
940 3770 997 3832 καλ
1025 3768 1084 3831 τὸν
1111 3766 1248 3852 χρόνον)
1283 3767 1389 3840 οὕτως

197 3881 272 3964 ἔχει,
295 3882 504 3967 παράδειγμα
527 3888 717 3967 τεθήσεται,
745 3885 765 3948 ὅ
786 3906 873 3958 τινες
895 3882 956 3965 μὲν
979 3880 1137 3964 Ὀρφέως,
1163 3880 1251 3954 τινὲς
1274 3878 1308 3942 cr
1331 3887 1389 3958 τῆς

200 3996 333 4070 Πυθίας
354 3993 668 4080 παραλαμβάνουσι·
691 3997 767 4079 περὶ
783 3996 847 4078 γὰρ
869 4003 936 4056 τῶν
959 3993 1048 4056 ἐπῶν
1070 3995 1175 4074 λέγων
1198 3991 1387 4072 ἢλέγουσα·

376 4137 506 4217 ὄρθιον,
529 4134 681 4220 ἑξαμερὲς
702 4135 846 4218 τειόρων
868 4133 924 4195 καλ
946 4135 1051 4195 εἴκοσι
1073 4132 1211 4211 μέτρων.

200 4305 276 4367 quoe
310 4309 380 4355 cunr
414 4292 460 4355 ita
493 4293 573 4367 sint,
609 4310 626 4355 a
661 4289 727 4354 reri
762 4288 864 4371 specie
898 4306 960 4351 non
995 4290 1042 4350 est
1076 4284 1179 4349 aliena
1213 4283 1390 4348 coniectura
