3120 4966
697 307 909 374 ..13-

199 495 355 579 pectidem
379 497 464 561 enim
485 499 576 561 acute
599 496 738 562 sonuisse
762 497 928 562 concludas
943 497 1027 574 inde,
1050 496 1132 579 quod
1147 495 1304 562 Pindarus
1319 497 1342 562 l.
1359 517 1387 566 e.

199 627 267 674 eam
301 608 445 672 nominat
477 609 610 692 ὑψηλήν
642 612 675 674 et
708 609 847 674 Telestes
884 611 966 691 apud
1000 610 1115 675 Athen.
1151 607 1229 674 XIV
1262 609 1326 675 626
1358 613 1388 677 Α

199 719 278 788 dicit
300 717 488 804 ὀξυφώνοις
508 720 677 804 πηκτίδων
699 724 850 805 ψαλμοῖς.
874 721 902 786 si
924 721 1024 802 igitur
1039 720 1199 787 barbitum
1214 722 1282 786 erat
1298 722 1388 786 ἀντί-

199 836 355 915 φθογγον
382 831 524 914 πηκτίδι,
552 851 646 916 quam
674 832 776 918 ipsam
806 833 922 899 seimus
950 832 1090 899 sonuisse
1112 833 1213 909 acute,
1235 832 1386 915 diapason

200 945 306 1008 autem
336 941 461 1010 acutius
487 944 582 1022 sonis,
613 942 668 1026 qui
694 943 755 1027 ipsi
785 948 860 1010 sunt
882 945 979 1024 acuti,
1010 963 1082 1010 eum
1104 946 1251 1010 tonorum
1273 962 1386 1008 nume·

197 1073 279 1133 rum,
312 1072 373 1137 quo
404 1053 517 1122 Graeci
549 1056 728 1137 utebantur,
767 1058 908 1136 excessit,
944 1056 1029 1122 recte
1066 1055 1263 1122 contendisse
1295 1053 1388 1120 nobis

74 1229 77 1233 ,
197 1167 339 1232 ridemur
367 1166 582 1251 Terpandrum
615 1167 763 1252 diapason
791 1167 920 1253 gravius
950 1169 1129 1234 adhibuisse
1158 1168 1197 1232 ad
1227 1167 1385 1231 barbitum

189 1277 423 1344 fabricandum.
453 1297 549 1363 quam
577 1299 644 1344 rem
669 1280 735 1345 iam
756 1280 913 1362 perspexit
936 1280 1006 1349 Car.
1035 1281 1074 1346 de
1096 1281 1160 1348 Jan
1181 1274 1245 1345 ‘De
1267 1276 1386 1343 fidibus

196 1388 403 1457 Graecorum’
425 1391 499 1458 diss.
521 1393 628 1476 inaug.
650 1392 754 1458 Berol.
779 1393 863 1459 1859
885 1412 916 1476 p.
940 1392 982 1457 27
1007 1411 1073 1475 sqq.
1383 1390 1387 1396 ’

299 1501 359 1569 Sed
396 1503 558 1569 barbitum
590 1504 722 1570 Pindari
758 1505 825 1570 loco
862 1504 1142 1570 commemoratum
1179 1501 1260 1567 nihil
1296 1498 1382 1566 aliud

195 1615 354 1698 signifieat
369 1634 464 1700 quam
488 1617 653 1696 citharam,
678 1635 812 1701 quacum
837 1617 870 1683 id
893 1617 1074 1700 saepissime
1098 1612 1384 1680 confundebatura

195 1729 353 1794 ueteribus
376 1727 583 1812 scriptoribus
592 1726 637 1812 ⁷),
666 1729 895 1813 crassioresque
912 1731 1042 1793 'tautum
1063 1727 1201 1792 habebat
1222 1724 1300 1789 fides
1323 1721 1381 1802 ita,

194 1841 230 1904 ut
250 1824 410 1925 graviores
434 1842 541 1905 essent
563 1841 678 1907 barbiti
702 1841 770 1906 soni
794 1841 848 1923 (of.
870 1841 984 1906 Pollux
1007 1839 1117 1905 Onom.
1139 1839 1186 1904 IV
1208 1836 1251 1902 59
1273 1836 1378 1919 βαρύ·
1509 1884 1512 1895 .

193 1951 311 2037 μίτον).
342 1949 560 2016 inventionem
583 1951 681 2035 igitur
704 1952 841 2017 citharae
864 1971 963 2017 unum
978 1952 1127 2034 diapason
1144 1946 1382 2031 complectentis

194 2065 234 2129 ad
255 2062 437 2147 analogiam
457 2063 591 2145 pectidis
614 2063 743 2147 Lydiae,
766 2083 846 2147 quae
868 2063 929 2128 dno
945 2065 1094 2148 diapason
1109 2060 1286 2137 exhibebat,
1303 2061 1379 2124 Ter·
1399 2053 1405 2067 '

195 2177 312 2257 pandro
335 2176 488 2256 assignari
510 2174 578 2240 loco
593 2175 733 2252 Pindari,
758 2195 829 2241 cum
852 2179 926 2240 ante
941 2176 1159 2258 Terpandrum
1182 2173 1304 2238 cithara
1318 2171 1381 2234 dno

192 2287 393 2354 tetrachorda
415 2286 683 2369 complecteretur,
708 2306 786 2369 quae
811 2288 857 2352 ita
879 2306 946 2352 sese
970 2287 1174 2370 excipiebant,
1198 2287 1234 2350 ut
1249 2283 1378 2350 alterius

193 2399 384 2465 tetrachordi
405 2416 499 2463 sonus
522 2397 723 2464 acutissimus
739 2399 835 2464 simul
852 2399 1055 2483 gravissimus
1070 2398 1202 2465 alterius
1218 2397 1300 2462 esset
1324 2396 1378 2479 (ol.

191 2511 372 2577 Volkmann
400 2507 580 2576 ‘Plutarchi
613 2511 740 2598 libellus
771 2511 808 2575 de
837 2508 960 2576 musiea’
1002 2512 1084 2595 Lips.
1116 2510 1199 2576 1856
1227 2529 1258 2592 p.
1288 2508 1376 2589 158),

189 2623 269 2688 mihi
303 2623 428 2706 quidem
464 2622 675 2687 certissimum
709 2624 765 2687 est.
810 2642 871 2706 qua
899 2623 936 2688 de
966 2642 999 2688 re
1028 2622 1169 2688 conferas
1198 2621 1377 2687 Aristotelis

189 2735 294 2800 Probl.
315 2734 394 2799 XIX
417 2734 475 2799 32:
505 2734 561 2798 bob
588 2738 622 2799 τί
649 2736 705 2799 διὰ
735 2744 852 2799 πασῶν
874 2738 1030 2816 καλεῖται,
1054 2737 1123 2798 ἀλλ’
1147 2735 1188 2798 οὐ
1211 2736 1294 2797 κατὰ
1316 2733 1376 2796 τὸν

192 2848 339 2931 ἀριθμὸν
362 2846 404 2910 δι’
429 2847 524 2926 ὀκτώ,
555 2847 664 2931 ὥσπερ
687 2849 743 2937 καί
765 2848 821 2911 διὰ
849 2852 1013 2932 τεττάρων
1036 2849 1101 2911 ’καὶ
1129 2846 1185 2910 διὰ
1206 2845 1325 2932 {msam
1354 2844 1375 2927 ἢ

189 2961 240 3024 ὅτι
269 2959 350 3022 ἑπτὰ
371 2953 457 3040 ἦσαν
480 2960 515 3022 αἱ
545 2959 662 3044 χορδαί
690 2962 727 3023 τὸ
756 2961 911 3044 ἀρχαῖον,
940 2957 997 3023 εἶτ’
1028 2957 1147 3036 ἐξελὼν
1174 2958 1235 3040 τὴν
1263 2960 1377 3042 τρίτην

193 3071 404 3156 Τέρπανδρος
427 3071 488 3152 τὴν
510 3072 615 3154 νήτην
637 3075 826 3156 προσέθηκε
849 3107 891 3118 -
915 3071 949 3135 id
971 3071 1052 3154 quod
1075 3072 1171 3134 etiam
1186 3067 1375 3132 Plutarchus

188 3183 256 3248 loco
288 3201 382 3266 supra
405 3182 503 3248 allato
527 3182 626 3248 tradit
655 3221 698 3233 —
724 3186 780 3248 καί
803 3183 855 3248 ἐπὶ
877 3187 1000 3248 τούτου
1023 3183 1147 3265 ἐκλήθη
1170 3180 1226 3243 διὰ
1248 3187 1376 3260 πασῶν,

190 3295 259 3358 ἀλλ’
283 3295 325 3358 οὐ
348 3293 391 3358 δι’
415 3294 511 3358 ὀκτώ·
535 3295 578 3359 δι’
603 3295 684 3360 ἑπτὰ
705 3298 770 3380 γὰρ
793 3291 844 3378 ἣν.
1127 3363 1128 3368 ,

292 3405 362 3472 Tali
384 3405 484 3489 igitur
505 3407 598 3473 modo
622 3409 650 3473 si
671 3407 802 3474 Pindari
832 3407 1047 3491 fragmentum
1077 3410 1195 3490 partim
1216 3411 1372 3496 interpre-v

188 3520 303 3601 tamur,
327 3519 445 3600 partim
469 3518 647 3602 explemus,
672 3521 739 3586 sine
763 3519 858 3586 dubio
882 3521 999 3587 rectius
1023 3521 1061 3586 de
1084 3521 1141 3587 hoo
1163 3522 1231 3588 loco
1253 3529 1373 3590 statue·

190 3649 272 3710 mus,
296 3648 391 3712 quam
406 3631 434 3695 si
449 3629 664 3697 inventionem
680 3633 765 3717 lyrae
783 3633 1038 3714 septemchordis,
1062 3653 1130 3699 cum
1148 3639 1239 3700 antea
1253 3637 1373 3703 cithara

187 3746 335 3826 quattuor
358 3744 483 3809 tantum
506 3743 693 3810 chordarum
715 3747 791 3810 nota
813 3745 928 3828 fuerit,
962 3744 1016 3810 his·
1042 3745 1192 3811 celebrari
1213 3766 1371 3812 sumemus

186 3856 344 3933 versibus,
378 3873 439 3936 qua
467 3855 506 3919 de
535 3875 568 3920 re
592 3855 771 3939 Terpander
795 3855 863 3939 ipse
886 3857 1039 3939 gloriatus
1062 3875 1130 3922 esse
1153 3857 1267 3922 dieitur
1290 3856 1372 3941 apud

291 4115 314 4183 ²)
332 4112 510 4169 Conferantur
529 4112 589 4180 loci,
608 4113 656 4182 qni
674 4113 707 4168 ad
726 4114 828 4182 modos,
847 4113 945 4184 quibus
957 4113 1103 4169 efferebant
1115 4113 1204 4180 seclia,
1224 4115 1370 4184 pertinent,

185 4210 227 4265 hi:
256 4208 333 4264 Phor.
353 4209 420 4263 bibl.
443 4213 502 4262 821.
526 4213 618 4280 dsqq.
654 4208 769 4280 Hesych.
788 4226 810 4268 s.
828 4225 854 4264 ν.
873 4209 1122 4281 μνρρίνηςικλάρος
1140 4205 1158 4277 ἢ
1177 4208 1295 4278 δάφνης,
1323 4208 1372 4264 ubi

184 4304 301 4374 legimus
320 4304 354 4359 ad
371 4303 474 4358 barbiti
492 4320 586 4360 sonum
604 4305 687 4360 scolia
706 4307 814 4361 cantata
832 4322 896 4362 esse.
