3120 4966
670 360 890 426 .-53.¹

284 553 330 615 De
347 551 539 616 carminibus
556 549 773 614 convivalibus
797 549 861 613 tres
876 548 910 612 in
927 547 1039 629 primis
1062 550 1184 612 exstant
1207 545 1266 611 loci
1290 547 1376 629 apud·

179 664 302 728 veteres
325 661 509 743 scriptores,
544 679 676 743 quorum
704 661 803 726 maior
832 678 904 742 pars
928 659 1028 724 tradit
1050 644 1112 723 tria
1135 657 1232 722 fuisse
1256 659 1372 722 carmi·

184 793 261 838 num
284 771 496 839 convivalium
518 791 644 855 genera.
678 790 715 836 ac
737 770 859 854 primus
888 771 936 835 est
959 769 1144 835 Dicaearchi
1166 770 1254 834 locus
1277 787 1375 850 supra

181 885 245 949 iam
269 884 403 948 allatus:
426 887 631 969 Δικαίαρχος
653 883 749 970 ἐντῷ
766 884 842 968 περὶ
864 893 1036 964 μουσικῶν
1058 881 1209 964 ἀγώνων,
1232 882 1282 945 ὅτι
1298 883 1375 966 τρία

180 998 259 1079 γένη
283 991 326 1076 ἦν
348 992 445 1080 ᾠδῶν
475 995 555 1069 (scil.
590 998 832 1078 συμποτικῶν)·
862 994 899 1057 τὸ
922 994 983 1076 μὲν
1005 993 1071 1057 ὑπὸ
1093 989 1229 1056 πάντων
1254 988 1375 1078 ᾀδόμε·

181 1129 253 1186 νον,
271 1107 320 1189 (τὸ
336 1107 386 1190 δὲ)
403 1103 477 1170 καθ’
497 1107 555 1171 ἕνα
572 1105 653 1189 ἑξῆς,
678 1108 714 1171 τὸ
731 1108 768 1170 δὲ
783 1107 849 1170 ὑπὸ
866 1115 933 1170 τῶν
948 1104 1196 1186 συνετωτάτων,
1220 1104 1265 1181 ῶς
1280 1106 1373 1188 ἔτυχε

180 1222 221 1303 τῇ
251 1215 353 1301 τάξει,
393 1219 412 1282 ὃ
443 1219 483 1300 δὴ
517 1222 692 1283 καλεῖσθαι
730 1219 786 1282 διὰ
807 1219 869 1300 την
895 1216 989 1294 τάξιν
1023 1220 1167 1281 σκολιόν.
1212 1217 1293 1282 alter
1324 1220 1373 1281 est

90 1399 92 1402 Α
183 1331 363 1396 Artemonis
392 1329 479 1396 locus
508 1333 590 1412 apud
620 1330 736 1396 Athen.
766 1331 825 1394 XV
855 1331 919 1396 694
947 1332 989 1394 B:
1025 1332 1107 1394 ἀλλὰ
1134 1339 1236 1413 τριῶν
1265 1338 1376 1412 γενῶν

181 1445 306 1524 ὄντων,
336 1443 381 1519 ὥς
403 1458 507 1526 φησιν
527 1439 693 1535 Ἀρτέμων
721 1442 981 1528 ὁΚασανδρεὺς
1010 1443 1046 1506 έν
1069 1442 1212 1528 δευτέρω
1236 1443 1376 1523 βιβλίων

181 1554 337 1638 χρήσεως,
361 1554 397 1617 έν
420 1553 470 1629 οίς
491 1554 532 1617 τὰ
553 1555 628 1638 περί
651 1556 709 1629 τὰς
732 1558 915 1630 συνουσίας
937 1545 980 1637 ἦν
1003 1551 1160 1641 ᾀδόμενα,
1183 1543 1230 1616 ὧν
1252 1553 1289 1616 τὸ
1312 1553 1376 1636 μὲν

180 1674 314 1749 πρῶτον
335 1655 388 1748 ἦν,
411 1666 430 1729 ὃ
453 1665 494 1747 δη
517 1663 644 1740 πάντας
666 1660 761 1751 ᾅδειν
783 1667 886 1747 νόμος
906 1657 958 1748 ἦν,
982 1668 1019 1730 τὸ
1043 1665 1079 1728 δὲ
1101 1666 1269 1747 δεύτερον,
1293 1664 1374 1746 ὃδὴ

181 1775 301 1852 πάντες
324 1778 385 1859 μὲν
408 1767 506 1862 ᾖδον,
537 1777 578 1840 οὐ
601 1777 668 1860 μην
691 1775 773 1840 άλλά
794 1800 832 1859 γε
854 1780 937 1840 κατά
958 1799 1033 1841 τινα
1055 1778 1213 1860 περίοδον
1236 1775 1269 1853 ἐξ
1291 1778 1374 1840 ὑπο-

182 1891 291 1974 δοχῆς,
315 1893 427 1972 τρίτον
449 1889 486 1952 δὲ
508 1890 564 1952 καλ
586 1889 647 1970 την
669 1888 723 1952 ἐπὶ
744 1897 826 1952 πάσι
848 1888 940 1966 τάξιν
962 1890 1049 1972 ἔχον,
1074 1879 1115 1953 οὗ
1131 1899 1280 1972 μετεῖχον
1296 1888 1373 1951 οὐκ·

183 2003 230 2066 ἑτι
256 2006 394 2085 πάντες,
426 1996 491 2065 ἀλλ’
525 2002 557 2063 οἱ
585 2001 720 2065 συνετοί
743 2002 922 2077 δοκοῦντες
948 1999 1034 2065 είναι
1057 2004 1154 2083 μόνοι
1179 2001 1244 2065 κτὲ.
1285 1999 1378 2063 vides¹

184 2113 249 2178 iam
282 2115 414 2194 utroquo
447 2113 515 2176 loco
548 2115 655 2194 aperte
696 2114 757 2177 tria
790 2112 966 2178 carminum
1007 2111 1218 2178 convivalium
1259 2128 1373 2193 genera

184 2221 379 2305 discerni⁹⁶l
403 2226 532 2289 tertium
555 2229 661 2289 autem
683 2226 798 2308 locum,
822 2226 876 2306 qui
900 2227 1002 2290 exstat
1017 2225 1048 2288 in
1065 2223 1228 2288 Plutarchi
1251 2227 1373 2305 quaest.

188 2352 318 2417 sympos.
353 2336 369 2399 Ι
406 2336 433 2399 1.
468 2335 506 2418 5,
544 2355 643 2418 usque
681 2335 782 2401 adhuc
816 2336 855 2401 ad
889 2356 988 2400 unum
1022 2355 1128 2400 omnes
1162 2335 1239 2400 falso
1273 2334 1373 2398 inter·

191 2447 303 2528 prelati
337 2466 405 2511 esse
439 2449 585 2512 videntur·
619 2447 758 2511 dicentes
788 2448 996 2512 Plutarchum
1033 2448 1116 2512 idem
1151 2448 1232 2530 quod
1261 2448 1375 2512 Dicae·

189 2556 317 2623 archum
332 2561 364 2623 et
380 2559 586 2624 Artemonem
609 2563 757 2624 statuere.
783 2559 836 2624 sed
859 2563 963 2624 totum
986 2560 1092 2624 looum
1116 2577 1270 2641 apponere
1290 2557 1370 2624 mihi

185 2671 293 2736 liceat:
322 2671 395 2737 ἐπεί
422 2694 473 2736 τοι
502 2674 557 2736 καὶ
579 2675 621 2736 τδι
642 2663 762 2737 σκολιά
785 2690 888 2756 φασιν
917 2673 958 2736 οὐ
981 2675 1078 2754 γένος
1101 2666 1258 2757 ᾀσμάτων
1286 2667 1375 2735 εἶναι

183 2785 414 2868 πεποιημένων
437 2784 585 2865 άσαφῶς,
609 2782 678 2847 ἀλλ’
695 2785 746 2847 ὅτι
759 2793 892 2867 πρῶτον
915 2784 976 2865 μὲν
999 2774 1082 2868 ᾖδον
1097 2780 1190 2869 aiddu
1212 2791 1271 2845 τοῦ
1287 2786 1375 2845 θεοῦ

182 2904 304 2971 κοινῶς
326 2895 468 2971 άπαντες
489 2899 548 2980 μιᾷ
565 2899 662 2980 φωνῇ
684 2897 921 2976 παιανίζοντες,
944 2896 1102 2977 δεύτερον
1124 2893 1278 2977 δ’έφεξης
1299 2894 1372 2957 ἑκά-

183 3025 250 3094 στφ
274 3010 437 3092 μυρσίνης
464 3006 746 3091 παραδιδομένης,
781 3009 823 3089 ἣν
847 3012 986 3072 αἴσακον
1013 3004 1105 3089 οἶμαι
1134 3007 1249 3070 διὰτὸ
1278 3001 1375 3092 ᾄδειν

183 3120 243 3183 τὸν
265 3118 447 3204 δεξάμενον
470 3118 627 3199 ἐκάλουν,
657 3119 711 3182 ἐπί
733 3119 770 3182 δὲ
793 3122 900 3208 τούτφ
930 3123 1034 3204 λύρας
1062 3120 1326 3203 περιφερομένης
1353 3117 1374 3179 δ

183 3231 245 3314 μὲν
266 3230 528 3312 πεπαιδευμένος
545 3229 708 3313 ἐλάμβανε
723 3232 779 3294 καί
794 3221 874 3315 ᾖδεν
890 3232 1121 3316 ἁρμοζόμενος,
1144 3239 1211 3294 τῶν
1227 3229 1256 3292 δ’
1270 3229 1372 3311 άμούε

183 3360 254 3406 σων
277 3343 318 3405 οὐ
340 3343 586 3424 προσιεμένων,
615 3343 750 3405 σκολιὸν
778 3342 960 3425 ὠνομάσθη
990 3343 1026 3405 τὸ
1056 3342 1099 3425 μη
1122 3343 1238 3405 κοινὸν
1267 3341 1375 3404 αὐτοῦ

183 3454 267 3538 μηδὲ
289 3451 418 3540 ῥᾴδιον.
453 3472 544 3535 quem
568 3454 672 3517 locum
696 3457 735 3518 ad
758 3472 856 3518 unum
880 3472 1002 3534 omnes,
1030 3453 1249 3536 quodecim,
1274 3451 1371 3515 inter-

183 3565 298 3648 pretati
329 3569 404 3630 sunt
432 3567 495 3644 ita,
529 3569 566 3632 ut
588 3567 729 3631 dicerent
753 3566 857 3630 verbis
879 3575 1012 3651 πρῶτον
1035 3567 1095 3648 μὲν
1117 3566 1181 3630 κτὲ.
1223 3566 1370 3647 primum,

183 3679 341 3762 δεύτερον
363 3679 399 3742 δὲ
421 3679 486 3743 aad.
510 3679 656 3755 alterum,
683 3677 737 3742 ἐπὶ
759 3677 796 3741 δὲ
817 3680 925 3766 τούτῳ
948 3678 1012 3742 κτὲ.
1042 3677 1173 3742 tertium
1200 3677 1373 3767 significari

184 3789 360 3854 carminum
388 3790 600 3855 convivalium
629 3809 737 3872 genus.
774 3791 813 3854 ad
838 3790 995 3873 δεύτερον
1017 3790 1055 3853 δέ
1083 3791 1189 3854 autem
1219 3808 1254 3852 ex
1283 3793 1372 3853 ante-

185 3902 368 3968 cedentibus
402 3898 494 3989 ᾠδην
523 3892 607 3986 ᾖδον
637 3901 774 3982 suppleri
808 3901 960 3967 iubebant
1001 3902 1053 3982 (cf.
1082 3900 1172 3982 Ilgen
1201 3918 1231 3980 p.
1263 3900 1371 3981 CLV).

288 4195 318 4259 ²⁶)
337 4194 488 4249 CurUlrioi
506 4193 524 4248 l.
537 4210 558 4247 o.
576 4193 607 4248 II
624 4197 685 4258 378,
703 4193 776 4247 Bode
794 4193 825 4249 11
844 4199 859 4247 2
878 4211 904 4262 p.
921 4200 973 4248 456
992 4193 1053 4250 adn.
1072 4198 1096 4259 2,
1116 4193 1202 4246 Baohr
1221 4192 1250 4245 in
1271 4192 1371 4260 Paulyi

184 4290 284 4360 encycl.
298 4308 318 4344 ε.
331 4307 356 4343 v.
376 4288 482 4342 σκολιόν
500 4289 554 4341 tria
572 4288 717 4342 scoliorum
736 4305 835 4357 genera
848 4287 984 4356 distingui
997 4291 1111 4357 utroque
1122 4286 1181 4342 loco
1196 4287 1375 4353 contendant,

184 4400 238 4439 non
256 4384 341 4438 video.
