3120 4966
658 346 891 411 ..100-

185 533 257 600 ficta
290 537 363 598 sunt
398 534 549 600 convivia.
584 553 685 616 neque
714 537 798 601 eninr
826 535 946 619 primus
976 535 1164 603 Plutarchus
1192 545 1259 600 ceto
1287 537 1367 602 ἑπτὰ

185 656 302 731 σοφῶν
331 649 517 732 συμπόσιον
546 647 756 731 composuisse
786 647 918 727 videtur,
953 649 1006 714 sed
1035 648 1179 729 aliorum,
1210 650 1265 732 qui
1295 649 1367 715 ante

183 777 254 824 eum
278 758 397 825 similes
421 760 668 843 conscripserant
691 759 826 839 libellos,
849 764 974 827 secutus
990 762 1139 844 exempla.
1163 761 1254 827 facile
1269 761 1369 846 igitur

184 872 252 937 fieri
274 872 387 957 potuit,
411 874 447 938 ut
470 873 575 938 neseio
598 873 667 955 quis
691 873 723 937 in
747 874 804 938 tali
828 873 969 939 convivio
994 872 1206 953 describendo,
1230 893 1301 940 cum
1316 895 1367 941 res

183 984 346 1069 adpotum
363 984 511 1064 venisset,
528 986 648 1070 septem
665 987 819 1068 sapientes
835 986 933 1052 etiam
949 988 1045 1052 scotia
1061 989 1220 1052 cantantes
1236 987 1367 1072 fingeret

184 1100 278 1178 atque
302 1116 338 1161 ex
360 1096 505 1181 plurimis
528 1116 608 1180 quae
631 1099 797 1164 exstabant
824 1098 930 1165 scoliis
958 1099 1073 1165 dilecta
1094 1118 1131 1165 ea
1153 1099 1286 1183 singulis
1309 1102 1366 1166 tri·

184 1209 303 1289 oneret,
328 1227 405 1292 quae
428 1229 499 1276 curn
522 1209 661 1276 moribus
684 1231 791 1277 eorum
814 1230 907 1294 quarn
930 1211 1065 1277 maxime
1088 1211 1262 1295 conspirare
1279 1213 1366 1278 vide-

184 1325 303 1389 rentur.
333 1324 498 1406 praecepio
527 1323 634 1388 autem
665 1324 769 1389 scoliis
797 1324 860 1390 illis
889 1323 1040 1390 contineri
1071 1342 1160 1390 nemo
1189 1325 1365 1391 mirabitur.

183 1454 257 1502 nam
280 1436 313 1503 et
336 1435 539 1502 conveniebat
568 1435 601 1501 id
632 1435 827 1518 sapientibus
857 1436 923 1502 illis
947 1441 978 1502 et
1001 1437 1159 1521 permulta
1184 1438 1251 1503 eius
1283 1438 1368 1504 modi

184 1549 356 1633 composita
378 1550 468 1614 erant
491 1548 595 1630 scotia,
626 1567 703 1632 quae
732 1549 840 1631 quanti
871 1550 1038 1615 aestimata
1059 1551 1122 1616 sint
1145 1551 1305 1634 colligitur
1328 1570 1364 1616 ex

183 1663 231 1740 iis,
254 1679 333 1745 quae
355 1659 535 1726 Athenaeus
557 1660 617 1726 XV
639 1661 703 1726 694
724 1660 748 1727 0
771 1660 862 1727 dicit:
886 1663 990 1746 κονίην
1012 1663 1049 1727 δὲ
1072 1665 1195 1747 ταύτην
1217 1663 1366 1748 ἐνόμιζον

182 1774 242 1858 τὴν
264 1777 460 1859 caecatae
482 1776 517 1841 τέ
545 1797 620 1841 τινα
647 1777 702 1840 καί
729 1777 865 1860 γνώμην
893 1775 979 1860 ἔχειν
1010 1774 1177 1841 δοκοῦσαν
1204 1779 1367 1861 χρησίμην

181 1909 216 1952 τε
239 1888 285 1964 είς
307 1887 365 1951 τὸν
385 1887 470 1970 βίον.

672 2034 877 2042 ——.-

286 2181 355 2246 Iam
378 2179 487 2259 habes,
511 2179 662 2263 quidquid
684 2180 722 2245 de
745 2179 912 2245 scoliorum
934 2180 1035 2263 poetis
1059 2199 1078 2246 a
1099 2181 1260 2248 veteribus
1276 2181 1367 2247 uobis

184 2293 336 2358 traditum
359 2300 415 2358 est.
440 2293 531 2373 unde,
555 2293 582 2357 si
605 2292 688 2358 viam
711 2297 834 2377 spectas
857 2311 894 2358 ao
916 2292 1081 2373 rationem,
1111 2312 1173 2377 qua
1199 2297 1367 2362 scoliorum

182 2405 282 2488 poesis
304 2405 426 2471 exculta
448 2405 489 2470 sit
512 2406 605 2488 atque
629 2405 827 2490 amplificata,
851 2405 883 2470 et
906 2406 1051 2486 aetatem,
1081 2425 1142 2490 qua
1172 2426 1209 2473 ea
1232 2407 1368 2493 viguerit

183 2537 303 2601 quoque
333 2517 485 2602 paulatim
515 2516 686 2583 imminuta
709 2517 751 2582 sit
773 2518 868 2601 atque
891 2519 1062 2602 antiquata,
1090 2520 1167 2585 haec
1188 2516 1252 2586 fere
1275 2520 1367 2586 oolli-

183 2631 315 2716 guntur:

285 2744 311 2808 I.
336 2742 439 2810 Soolia
459 2761 478 2808 a
501 2742 678 2826 Terpandro
696 2741 791 2807 Aeole
814 2742 854 2806 ad
877 2741 1087 2808 imitationem
1110 2744 1285 2809 carminum
1302 2745 1364 2831 Ly·

185 2857 307 2922 diorum
331 2854 502 2940 composita
524 2855 557 2920 iu
579 2853 717 2920 Lesbum
740 2853 878 2919 insulam
901 2854 1000 2920 ascita
1022 2857 1105 2921 sunt.

285 2970 329 3035 II.
352 2968 496 3034 Fortasse
525 2969 588 3033 iam
616 2988 635 3032 a
663 2967 851 3051 Terpandro,
886 2970 969 3033 certe
1002 2987 1062 3032 non
1096 2969 1198 3034 multo
1226 2969 1298 3050 post
1327 2969 1367 3034 ab

183 3084 333 3149 Alcmene
355 3080 493 3147 carmina
515 3079 570 3146 illa
589 3079 736 3160 Spartam
760 3080 892 3146 advecta
914 3081 995 3164 sunt,
1019 3100 1080 3164 quo
1104 3081 1224 3147 factum
1246 3080 1303 3160 est,
1328 3085 1367 3146 ut

183 3194 277 3260 etiam
302 3196 399 3260 Dones
422 3213 458 3259 ea
479 3192 663 3259 excolerent.

285 3307 345 3373 ΙΙΙ.
369 3306 540 3392 Pythermo
576 3308 700 3370 auctore
736 3306 826 3370 Iones
864 3307 960 3371 scolia
997 3309 1164 3386 noverant,
1202 3307 1363 3372 Anacreon

184 3419 392 3486 Athenienses
415 3437 450 3484 ea
473 3418 586 3483 docuit.

286 3531 341 3598 IV.
366 3530 468 3598 Seolia
496 3530 636 3597 floruisse
666 3531 810 3597 videntur
833 3550 930 3615 usque
953 3532 991 3596 ad
1015 3531 1091 3598 belli
1113 3528 1366 3615 Peloponnesiaci

182 3646 286 3712 finem.
310 3664 383 3712 nam
399 3643 471 3710 inde
487 3644 525 3709 ab
542 3643 601 3710 hoo
617 3645 765 3729 tempore,
789 3649 825 3710 ut
847 3645 915 3709 tota
937 3644 1037 3728 poesis
1058 3642 1159 3728 lyrica
1175 3662 1243 3708 esse
1262 3641 1367 3722 desiit,

181 3759 228 3826 ita
256 3760 350 3825 etiam
374 3758 539 3824 scoliorum
562 3759 671 3840 poetae
699 3777 812 3823 nomen
842 3777 902 3823 uon
931 3738 1075 3841 amplius
1094 3757 1368 3822 commemoratur.

285 3899 380 3965 Porro
410 3895 474 3963 illis
504 3896 696 3982 temporibus
724 3916 842 3962 morem
872 3896 1036 3963 scottorum
1064 3896 1274 3962 canendorum
1297 3894 1369 3960 abo-

182 4014 298 4080 lescere
315 4012 452 4097 coepisse
475 4010 672 4096 cognoscitur
695 4030 730 4077 ex
745 4009 961 4096 Aristophanis
977 4009 1060 4076 Nub.
1084 4031 1113 4076 r.
1132 4009 1213 4075 1357
1231 4025 1290 4091 sq„
1313 4007 1370 4074 ubi

183 4123 376 4208 Strepsiades
399 4125 438 4191 de
460 4123 525 4190 filio
548 4140 603 4189 suo
626 4121 818 4190 haecdicit:

337 4266 355 4329 ὁ
378 4263 407 4326 δ’
433 4265 559 4339 εὐθέως
581 4263 726 4348 ἀρχαῖον·
742 4259 800 4326 εἶν’
824 4263 947 4346 ἔφασκε
970 4262 1007 4327 τὸ
1030 4262 1212 4345 κιθαρίζειν

337 4376 431 4472 ᾅδειν
452 4400 486 4442 τε
509 4375 654 4458 πίνονθ’,
678 4375 819 4461 ὡσπερεί
840 4379 964 4463 κάχρυς
984 4377 1114 4461 γυναῖκ’
1139 4375 1296 4444 ἀλοῦσαν.
