3120 4966
688 315 902 379 ,56-

304 503 364 582 Qui
379 505 441 570 loci
455 506 555 588 primo
578 505 706 588 aspectu
730 503 780 566 vel
801 501 937 567 maxime
952 501 1066 585 llgenii
1088 499 1262 565 sententiae
1285 500 1392 565 favere

198 618 363 700 videntum
393 616 487 682 uerbo
518 616 603 681 enim
631 617 741 703 κύκλῳ
771 613 856 679 idem
885 612 1088 695 significatur,
1116 612 1197 695 quod
1221 630 1295 676 voce
1317 609 1392 694 ἑξῆς

199 731 279 813 apud
296 728 530 795 Dicaearchum.
555 728 609 791 sed
626 727 741 791 collato
758 724 876 790 scholio
892 724 930 788 ad
944 723 1106 805 Aristoph.
1130 724 1222 805 Vesp.
1239 745 1267 788 v.
1288 723 1385 788 1222;

198 842 239 905 τὰ
254 836 358 904 σκόλι’
386 842 474 915 ὅπως
495 837 678 924 παραδέξῃ·
703 839 740 902 έν
761 840 871 926 κύκλῳ
894 838 958 922 γάρ
981 827 1064 922 ᾖδον
1083 839 1124 900 τά
1139 840 1265 916 σκολιά,
1289 836 1392 900 dictor

198 954 368 1036 παροίνιον
394 948 488 1040 pidet,
518 953 612 1034 atque
634 949 696 1015 elio
719 950 837 1015 scholio
855 951 898 1014 ad
922 951 1055 1014 eundem
1078 967 1220 1012 versum:
1250 950 1390 1033 άρχαῑου

199 1064 278 1139 ἔθος
300 1064 520 1145 ἑστιωμένους
543 1058 636 1150 ᾅδειν
660 1064 856 1137 ἀκολούθως
878 1067 922 1147 τῷ
943 1062 1074 1148 πρώτῳ,
1097 1062 1126 1125 εί
1148 1060 1312 1123 παύσαιτο
1331 1069 1389 1142 τῆς

198 1171 295 1263 ω’δῆς,
320 1176 359 1238 τά
375 1173 461 1259 ἑξῆς·
483 1177 539 1239 καλ
553 1175 652 1260 γάρὸ
675 1172 709 1251 ἐξ
731 1174 832 1259 ἀρχῆς
855 1173 989 1256 δάφνην
1011 1172 1030 1254 ἢ
1054 1175 1219 1256 μυρρίνην
1242 1173 1390 1255 κατέχων

198 1275 257 1372 ᾖδε
286 1287 479 1370 Σιμωνίδου
508 1288 529 1370 ἢ
556 1289 765 1372 Στησιχόρου
797 1289 876 1369 μέλη
907 1290 999 1370 ἄχρις
1027 1274 1068 1349 οὗ
1095 1287 1195 1367 ἤθελε
1222 1285 1279 1348 καλ
1308 1285 1391 1365 μετὰ

197 1409 312 1479 ταῦτα,
341 1389 366 1484 ᾦ
390 1399 553 1481 ἐβούλετο,
583 1399 697 1463 ἐδίδου
726 1398 787 1480 οὐχ
817 1397 861 1473 ὡς
881 1397 901 1481 ἡ
925 1395 1014 1474 τάξις
1036 1393 1163 1481 ἀπῄτει.
1197 1397 1253 1459 καλ
1278 1396 1390 1478 ἔλεγεν

198 1510 216 1573 ὁ
233 1507 410 1593 δεξάμενος
430 1513 521 1595 παρὰ
543 1521 603 1576 τοῦ
625 1513 759 1596 πρώτου
781 1511 823 1574 τὰ
838 1508 918 1593 ἑξῆς,
942 1509 1094 1584 κάκεῑνος
1108 1507 1262 1572 ἐπεδίδου
1277 1510 1390 1587 πάλιν,

198 1611 223 1707 ᾦ
248 1621 412 1703 ἐβούλετο.
442 1622 498 1686 διὰ
520 1623 556 1686 τὸ
579 1625 705 1697 πάντας
727 1611 789 1685 οὖν
812 1621 1067 1706 ἀπροσδοκήτως
1089 1614 1183 1707 ᾅδειν
1205 1622 1260 1685 καλ
1281 1623 1391 1703 λέγειν

196 1733 236 1796 τά
268 1737 364 1817 μέλη,
400 1734 516 1798 σκολιὰ
549 1737 674 1819 εἴρηται
708 1733 764 1797 διὰ
797 1733 858 1816 τὴν
892 1734 1090 1814 δυσκολίαν,
1124 1732 1323 1815 intellegitur
1351 1749 1390 1796 ea

199 1843 369 1911 Stesichori
399 1845 633 1928 Simonidisque
662 1846 809 1921 carmina,
839 1863 917 1926 qnae
946 1845 980 1908 in
1010 1843 1161 1909 conviviis
1185 1846 1386 1922 canebantur,

103 1970 106 1975 ⁴
196 1977 258 2024 non
282 1958 322 2023 ad
344 1959 480 2023 alterum
502 1975 614 2041 genus,
644 1959 726 2040 quod
748 1956 871 2037 Ilgenio
895 1956 1051 2039 appellare
1073 1955 1193 2039 placuit
1219 1959 1389 2041 παροίνια,

197 2073 251 2138 sed
266 2071 305 2137 ad
321 2070 416 2136 scolie
431 2088 498 2134 esse
521 2069 681 2135 referenda
704 2068 756 2151 (cf.
772 2068 929 2133 scholium
945 2068 1125 2151 posterius),
1150 2088 1236 2151 quae,
1264 2069 1292 2132 si
1308 2067 1387 2132 fides

197 2187 245 2250 est
268 2183 412 2249 habenda
438 2181 554 2247 scholio
583 2182 685 2264 priore
715 2181 782 2245 loco
815 2181 920 2258 allato,
950 2182 1044 2264 vulgo
1076 2179 1182 2245 ordine
1213 2179 1388 2245 orbiculato

197 2293 407 2360 canebantur:
438 2295 533 2357 fidem
561 2296 667 2357 autem
697 2291 872 2356 hahendam
902 2311 970 2357 esse
1000 2293 1091 2358 docet
1112 2294 1199 2357 locus
1222 2290 1389 2357 Plutarchi

196 2424 292 2489 supra
313 2406 442 2487 allatus,
472 2407 525 2487 qui
548 2404 627 2469 item
650 2403 748 2469 scolia
776 2402 902 2487 ἐφεξῆς,
933 2406 1106 2488 docentque
1130 2405 1332 2470 Aristoxenus
1355 2407 1388 2467 et

195 2516 329 2600 Phyllis,
359 2518 421 2600 qui.
442 2536 477 2583 ea
506 2519 597 2600 παρὰ
625 2519 724 2601 μέρος
753 2515 824 2600 ἑξῆς
853 2518 980 2582 cantata
1009 2536 1074 2581 esse
1104 2516 1275 2581 affirmant.
1308 2533 1388 2598 qnae

144 2628 147 2641 ¹
196 2647 269 2694 curn
294 2629 341 2694 ita
370 2629 444 2712 sint,
474 2631 604 2712 apparet
626 2629 741 2712 Ilgenii
770 2633 955 2710 argumenta
983 2648 1093 2712 parum
1117 2628 1220 2693 valida
1247 2646 1323 2706 esse,
1354 2631 1388 2691 et

194 2741 368 2806 videndum
390 2743 448 2816 est,
478 2760 555 2806 num
584 2742 711 2829 omnine
734 2741 830 2806 fuerit
852 2743 986 2806 alterurn
1010 2740 1089 2806 illud
1114 2742 1289 2805 carminum
1312 2757 1385 2804 con-

197 2851 350 2919 vivalium
373 2871 481 2935 genus.

299 2965 426 3029 Etenim
459 2984 537 3049 quae
571 2966 660 3030 erant
693 2965 832 3031 carmina
865 2964 898 3029 in
928 2963 1078 3029 conviviis
1112 2965 1261 3029 cantata?
1295 2982 1385 3046 prae·

195 3078 243 3141 ter
276 3076 407 3158 hymnos
443 3074 578 3140 convivii
612 3074 705 3140 initio
739 3076 778 3141 ab
813 3076 956 3141 omnihus
988 3077 1084 3141 simul
1117 3078 1259 3140 cantatos
1294 3076 1385 3142 valde

196 3188 423 3254 adamabantur
457 3188 597 3253 carmina
631 3185 802 3253 Stesichori
831 3197 863 3252 et
891 3186 1061 3253 Simonidis
1095 3189 1267 3271 (Aristoph.
1300 3187 1383 3253 Nub.

195 3319 225 3366 v.
258 3301 341 3367 1356
371 3304 402 3364 et
430 3299 526 3364 sohel.
557 3301 595 3364 ad
625 3300 784 3382 Aristoph.
809 3300 902 3382 Vesp.
932 3320 959 3362 v.
992 3299 1100 3381 1222),
1134 3301 1244 3364 deinde
1274 3299 1385 3364 Alcaei

200 3413 373 3496 (Aristoph.
390 3411 483 3495 Vesp.
500 3430 529 3476 v.
549 3411 634 3476 1234
649 3430 722 3476 cum
738 3411 858 3493 schol),
883 3411 1089 3476 Anacreontis
1112 3410 1308 3494 aliorumque
1330 3411 1384 3493 qui

194 3525 311 3610 passim
350 3528 633 3590 commemorantur
669 3526 834 3607 poetarum
871 3523 1056 3606 lyricorum,
1096 3523 1229 3605 denique
1267 3523 1387 3588 selecta

194 3639 346 3720 quaedam
375 3655 411 3701 ex
441 3635 580 3714 Homeri,
604 3634 761 3720 Aeschyli,
791 3635 952 3715 Euripidis
983 3634 1176 3717 aliorumque
1205 3634 1270 3699 eius
1298 3635 1384 3698 modi

194 3752 358 3831 poetarum
387 3749 579 3814 carminibus
610 3747 788 3832 (Aristoph.
812 3746 896 3812 Nub.
921 3765 971 3812 vr.
998 3747 1082 3812 1364
1104 3750 1136 3811 et
1160 3747 1254 3824 1371,
1287 3747 1383 3811 schol.

193 3860 357 3943 Aristoph.
372 3859 457 3924 Nub.
475 3881 504 3927 v.
524 3861 632 3944 1364).
656 3878 715 3943 quo
732 3880 769 3925 ex
785 3878 914 3925 numero
931 3859 1117 3925 secernenda
1133 3861 1208 3924 sunt
1230 3858 1319 3924 nobis
1336 3877 1382 3936 ea,

195 3990 274 4054 quae
289 3973 364 4037 sunt
380 3976 544 4054 poetarum
559 3973 717 4053 epicorum
735 3976 766 4037 et
781 3971 986 4055 tragicorum,
1003 3991 1078 4038 nam
1093 3971 1232 4054 profecto
1248 3990 1383 4036 neurus

194 4084 319 4166 quidem
342 4084 427 4148 loeus
450 4086 560 4156 exstat,
591 4102 650 4166 quo
679 4084 758 4149 haec
787 4085 923 4148 carmina
947 4084 1147 4166 appellentur
1169 4083 1275 4148 seclia.
1305 4101 1383 4166 quae

194 4199 299 4262 antem
322 4198 445 4261 restant
468 4197 606 4262 carmina
628 4196 738 4278 lyrica,
767 4216 843 4261 num
866 4214 979 4279 quaeso
1004 4197 1078 4280 quid
1107 4198 1237 4280 reperiri
1269 4198 1385 4279 potest,

194 4326 254 4392 quo
277 4327 434 4388 cogamur,
465 4310 502 4373 ut
525 4326 560 4373 ea
582 4307 614 4373 in
637 4307 697 4373 duo
721 4309 900 4391 digeramus
931 4327 1055 4391 genera,
1085 4327 1217 4391 qnorum
1247 4311 1382 4374 alterum
