3120 4966
594 284 920 390 ‘-24-

184 608 187 614 ρ
219 512 418 597 relipraetcr
445 512 565 578 iustam
587 509 732 579 ordinem’
764 516 797 579 et
826 513 921 580 verha
944 533 962 579 a
983 515 1152 581 scholiasta
1174 516 1316 582 Platonis
1340 535 1404 582 ser·

221 627 309 692 vata·
326 625 379 691 ἐπὶ
401 626 589 709 οἰκημάτων
604 672 612 692 .
629 675 638 690 .
653 629 822 709 γενέσθαι,
857 645 935 708 quac
965 627 1206 710 explicationem
1235 629 1406 694 sententiae

223 735 402 804 Aristoxeni
418 737 588 815 continent,
612 737 784 821 neglexisse
800 738 935 816 videtur,
959 758 1019 822 quo
1035 738 1227 825 factumest,
1252 744 1288 806 ut
1305 740 1406 824 expli-

223 850 383 916 cationem
412 849 502 915 illam
529 848 569 916 ab
593 849 773 915 Aristoxeni
806 851 963 918 sententia
991 828 1111 917 mirum*
1137 855 1290 936 quantum
1318 853 1407 932 diffc-

226 965 348 1026 rentem
371 972 470 1043 neque
492 961 567 1026 ullis
591 963 1040 1052 comprobatamargumentis
1063 964 1229 1046 proferret.

228 1110 233 1118 -
326 1073 444 1138 Eodem
467 1073 567 1139 modo·
582 1074 678 1138 etiarn
702 1074 883 1140 Dicaearchi
899 1074 1009 1140 rerba
1031 1075 1219 1149 Plutarchus
1237 1076 1331 1141 male
1359 1076 1408 1140 in-

226 1184 383 1250 tellexisse
406 1185 531 1250 videtur
553 1185 647 1269 paulo
672 1189 744 1250 ante
767 1205 820 1264 ea,
856 1205 934 1268 qnae
964 1188 1056 1253 modo
1080 1187 1314 1272 exscripsimus,
1352 1188 1408 1254 hac

221 1295 381 1364 sententia
403 1297 542 1379 prolata:
567 1300 639 1362 ἐπεί
659 1321 710 1362 coc
732 1299 788 1361 καὶ
809 1300 850 1362 τὰ
865 1302 981 1364 σκολιά
1003 1317 1108 1382 φασιν
1130 1301 1171 1365 οὐ
1186 1303 1283 1384 γένος
1306 1297 1411 1388 ᾀσμά·

223 1415 290 1476 νων
308 1408 398 1475 εἶναι
419 1413 651 1493 πεποιημένων
670 1411 826 1492 ἀσαφῶς,
849 1411 919 1476 ἀλλ’
932 1413 983 1476 ὅτι
997 1422 1130 1496 πρῶτον
1144 1414 1205 1496 μὲν
1221 1404 1305 1499 ᾖδον
1320 1408 1411 1500 ᾠδὴν

224 1535 284 1588 τοῦ
307 1529 391 1587 θεοῦ
414 1531 533 1598 κοινῶς
555 1521 697 1598 ἅπαντες
718 1527 777 1610 μιᾷ
800 1527 898 1608 φωνῇ
920 1526 1161 1603 παιανίζοντες,
1190 1526 1349 1608 δεύτερον
1378 1524 1413 1587 δί

221 1633 341 1720 ἐφεξῆς
363 1636 489 1723 ἑκάστῳ
512 1640 674 1721 μυρσίνης
695 1637 979 1721 παραδιδομένης,
1002 1639 1045 1719 ἣν
1067 1640 1218 1717 αἴσακον,
1242 1635 1334 1720 οἶμαι
1357 1637 1413 1699 διὰ

225 1751 262 1814 ιδ
276 1744 378 1836 ’ᾅδειν
400 1749 459 1812 τὸν
482 1746 671 1832 δεξάμενον,
693 1749 846 1829 ἐκάλουν,
869 1747 922 1812 ἐπὶ
943 1748 979 1812 δὲ
994 1750 1101 1836 τούτῳ
1117 1727 1220 1831 λύρας
1236 1770 1412 1831 περιφερο-

221 1865 326 1946 μένης
360 1861 379 1923 ὁ
407 1861 468 1943 μὲν
495 1860 757 1943 πεπαιδευμένος
790 1859 952 1942 ἐλάμβανε
985 1861 1041 1923 καὶ
1072 1849 1153 1944 ᾖδεν
1182 1861 1411 1943 ἁρμοζόμενος,

221 1983 293 2037 τῶν
308 1976 338 2037 δ’
354 1973 513 2054 άμούσωυ
528 1973 812 2055 οὐπροσιεμένωυ
828 1972 962 2037 σκολιὸν
983 1972 1164 2055 ὠνομάσθη
1187 1972 1225 2035 τὸ
1240 1972 1283 2054 μη
1299 1972 1413 2036 κοινὸν

223 2087 332 2151 αὐτοῦ
355 2085 439 2170 μηδὲ
463 2082 591 2171 ῥηίδιον.
636 2082 826 2148 Plutarchus
854 2083 952 2166 igitur
981 2084 1063 2148 idem
1095 2083 1177 2165 qnod
1203 2082 1413 2148 Dicaearchus

224 2197 360 2277 statuit,
401 2214 473 2262 cum
511 2196 595 2262 dicat
631 2195 858 2278 peritissimum
895 2213 1048 2277 quemque
1095 2195 1148 2276 (of.
1184 2197 1415 2278 πεποιημένων

223 2311 291 2376 οὐκ
307 2310 446 2392 ἀσαφῶς
469 2311 500 2373 et
522 2309 617 2392 ὁμὲν
631 2308 905 2391 πεπαιδευμένος)
931 2307 1027 2372 scolia
1051 2307 1215 2384 cecinisse,
1239 2309 1293 2372 sed
1309 2305 1415 2370 verbis

229 2420 413 2488 Dicaearchi
448 2422 504 2485 διὰ
538 2421 599 2504 την
633 2417 725 2496 τάξιν
759 2423 814 2484 aut
847 2436 1010 2503 perperam
1043 2418 1220 2484 intellectis·
1253 2423 1308 2482 aut
1340 2418 1417 2482 adeo

228 2531 382 2614 neglectis
411 2552 472 2598 non
494 2533 624 2616 propter.
642 2531 804 2614 obliquum
827 2533 939 2597 cantus
968 2534 1000 2595 et
1022 2531 1109 2614 lyrae
1140 2530 1325 2608 circuitum,
1361 2529 1416 2594 sed

229 2645 357 2728 propter
379 2643 604 2710 difficultatem
627 2644 705 2710 talia
719 2643 873 2728 pangendi
889 2643 1028 2715 carmina
1048 2643 1145 2708 scolis
1167 2642 1327 2725 appellata
1348 2659 1416 2706 esse

226 2756 402 2824 contendit.
435 2761 573 2822 ceterum
596 2759 704 2821 utrum
728 2773 802 2821 casu
825 2774 864 2821 an
887 2756 1030 2821 consulto
1053 2755 1154 2838 primo
1177 2755 1308 2818 eandem
1331 2754 1416 2818 viam

231 2888 327 2953 quam
341 2869 547 2935 Aristoxenus
571 2871 603 2933 et
625 2868 833 2962 Dicaearchus
856 2870 1032 2951 ingressus,
1060 2871 1170 2948 postea
1192 2866 1224 2930 in
1249 2883 1417 2949 argumen-

231 2982 353 3051 tatione
376 2981 564 3061 ahsolvenda
587 2978 626 3044 ab
650 2979 690 3071 iis
714 2978 908 3076 discesserit,
944 2978 1024 3043 nihil
1048 2978 1088 3043 ad
1110 2978 1194 3067 hunc
1216 2977 1321 3043 locum
1344 2995 1416 3058 per·

234 3094 318 3182 tinet
358 3095 373 3159 t
396 3093 447 3160 six
469 3094 545 3178 puto
568 3068 733 3158 diiudicari
759 3092 891 3176 poterit;
916 3091 994 3156 mihi
1020 3093 1112 3166 certe,
1142 3109 1220 3173 quae
1243 3088 1413 3154 intercedat

230 3206 324 3284 inter.
347 3205 509 3272 Plutarchi
543 3210 574 3269 et
603 3205 782 3271 Aristoxeni
809 3203 1051 3287 Dicaearchique
1091 3201 1265 3269 sententias
1298 3199 1414 3266 simili-

233 3319 326 3404 tudo,
349 3318 484 3383 breviter
506 3316 733 3400 significavisse
756 3315 884 3382 sufficit.

232 3488 238 3519 ,Ι
278 3466 280 3470 -
336 3431 405 3496 Iam
428 3435 623 3496 revertamur
652 3428 693 3495 ad
714 3429 891 3514 graviorem
914 3429 1045 3504 testem,
1075 3427 1279 3491 Artemonem
1303 3422 1418 3490 Casan·

232 3543 392 3631 mensem,
423 3544 475 3626 qui
502 3542 679 3608 Aristarchi
706 3545 738 3606 et
761 3540 896 3607 Cratetis
928 3537 1122 3620 temporibus
1151 3534 1290 3618 vixit¹⁵).
1328 3537 1416 3602 cuius

233 3701 439 3712 fi*-

338 3784 369 3852 ¹⁵)
388 3783 541 3838 Artemonis
554 3782 707 3852 fragmenta
720 3780 832 3835 collecta
843 3781 972 3849 leguntur
984 3776 1055 3846 apud
1068 3776 1228 3830 Muellerum
1241 3775 1308 3845 lrag.
1321 3774 1417 3860 histor.

233 3879 281 3961 Gr.
299 3878 339 3934 IV
353 3895 387 3948 p.
407 3883 465 3946 340,
484 3878 531 3948 qui
550 3877 581 3932 dc
599 3878 657 3932 vitu
676 3880 704 3930 ct
723 3875 830 3945 scriptis
848 3874 1003 3930 Artemonis
1022 3873 1087 3926 haec
1110 3871 1193 3926 dicits
1217 3866 1376 3924 ‘Aristarchi
1395 3871 1423 3921 et

232 3973 351 4029 Cratetis
370 3977 417 4029 aut
435 3974 553 4044 aequalis
571 3976 620 4027 aut
637 3988 736 4042 suppar
753 3970 820 4025 fuit:
849 3970 958 4039 scripsit
980 3967 1043 4036 περὶ
1067 3967 1227 4034 συναγωγῆς
1245 3964 1356 4036 βιβλίων
1378 3960 1423 4029 (of.

236 4071 335 4127 Athen.
359 4070 415 4126 ΧΠ
439 4076 489 4124 t1u
507 4069 540 4136 Ε)
567 4072 596 4122 et
622 4067 685 4136 περὶ
711 4066 823 4137 βιβλίων
848 4065 978 4135 χρήσεως.
1014 4062 1050 4117 ad
1075 4061 1189 4116 eundem
1216 4058 1355 4113 referenda
1383 4059 1424 4112 est
1524 4070 1526 4074 ’

234 4165 358 4221 'collectio
380 4165 561 4234 epistularum
580 4162 738 4218 Aristotelis
757 4162 845 4228 (Dem.
871 4159 903 4213 dc
926 4159 990 4213 eloc.
1010 4162 1034 4223 §-
1054 4160 1113 4222 223,
1136 4154 1172 4210 ci.
1190 4152 1265 4207 Wala
1288 4153 1317 4206 in
1341 4150 1423 4221 praef.

234 4263 269 4315 ad
286 4261 354 4316 rhet.
374 4260 421 4316 Gr.
439 4260 492 4312 vol.
510 4259 551 4313 IX
570 4260 597 4312 et
615 4256 707 4323 Stahr,
725 4256 810 4311 Arist.
828 4271 854 4323 p.
874 4254 888 4306 Ι
912 4269 938 4322 p.
960 4255 1030 4320 206).
1068 4250 1119 4305 hoc
1140 4250 1164 4303 si
1181 4251 1252 4302 recte
1269 4245 1425 4316 fitproba·

234 4354 329 4410 biliter
353 4355 499 4411 statuimus
524 4354 623 4407 vixisse
645 4366 706 4405 cum
731 4352 794 4404 ante
819 4347 1010 4412 Andronicum,
1039 4345 1087 4414 qui
1110 4341 1229 4397 Sullanis
1256 4338 1424 4410 temporibus
