3120 4966
692 380 905 444 ...98-

356 568 505 633 ἀσιοῖσιν
528 572 646 653 ἄρεσκε
667 575 778 650 πᾶσιν,
801 568 838 633 ἐν
859 571 953 635 πόλει
975 574 1046 635 αἴκε
1068 574 1184 657 μένῃς·

355 681 510 746 πλείσταν
532 681 596 765 γὰρ
619 681 684 765 ἔχει
704 678 817 766 χάριν·
841 680 994 766 αὐθάδης
1016 683 1053 748 δὲ
1074 687 1196 770 τρόπος

357 789 496 857 πολλάκι
519 792 559 876 δὴ
582 793 748 877 βλαβερὰν
771 791 950 877 ἐξέλαμψεν
974 799 1066 860 ἄιαν.

64 928 69 937 '
202 930 342 998 Cleobuli
364 931 380 996 I
403 931 461 997 91:
484 937 552 995 τῶν
574 931 611 995 δὲ
626 925 800 1019 ᾀδομένων
824 931 1041 1016 εὐδοκίμησεν
1064 936 1168 1001 αὐτοῦ
1193 935 1286 1002 τάδε·

356 1043 502 1128 ἀμουσία
523 1042 561 1107 τὸ
584 1045 685 1108 πλέον
703 1045 806 1127 Ιμέρος
828 1043 865 1109 ἐν
887 1047 1056 1129 βροτοῖσιν

356 1158 465 1241 λόγων
487 1179 521 1222 ιε
545 1158 688 1240 πλῆθος·
712 1156 781 1221 ἀλλ’
804 1157 822 1220 ὁ
845 1159 961 1242 καιρὸς
984 1160 1124 1243 ἀρκέσει.

357 1271 476 1354 φρόνει
497 1291 529 1333 τι
551 1271 686 1335 κεδνόν·
709 1270 753 1354 μὴ
776 1267 914 1353 μάταιος
942 1275 1057 1356 ἄχαρις
1077 1275 1245 1356 γενέσθαι.

201 1407 341 1475 eiusdem
364 1408 380 1472 I
402 1407 462 1474 92:
490 1406 541 1491 (ol.
565 1407 651 1474 Stob.
674 1408 757 1475 Flor.
780 1408 832 1473 III
856 1407 908 1491 79)

359 1521 493 1604 γυναικὶ
515 1520 559 1604 μὴ
582 1517 756 1606 μάχεσθαι,
779 1519 862 1603 μηδὲ
885 1523 1102 1604 σωφρονίζειν

356 1634 537 1718 ἀλλοτρίων
559 1634 767 1717 παρεόντων·

354 1747 392 1811 τὸ
414 1746 475 1830 μὲν
497 1747 561 1832 γὰρ
585 1751 691 1828 ἄνοια,
715 1747 751 1810 τὸ
775 1743 850 1811 δἀὖ
873 1748 996 1832 μανίαν
1019 1746 1160 1812 δύναται
1187 1748 1283 1833 ἔχειν.

310 1886 388 1952 Post
403 1884 618 1952 Casaubonnm
642 1884 858 1951 Schneidewin
879 1887 912 1952 in
933 1885 1072 1971 Symbol.
1096 1886 1166 1952 crit.
1190 1891 1272 1970 poet.
1296 1889 1385 1973 lyrio.

201 2019 231 2083 p.
256 1999 317 2064 117
341 2019 384 2082 sq.
414 1998 491 2064 haee
528 1997 668 2065 carmina
696 1997 865 2064 subditioia'
897 2016 963 2065 esse
996 1997 1117 2064 censuit
1146 1999 1178 2064 et
1206 2000 1240 2066 in
1269 2000 1385 2066 Philol.

201 2112 276 2177 120
291 2129 358 2194 sqq.
382 2130 418 2177 ea
442 2110 481 2176 ad
503 2129 645 2178 normam
668 2111 753 2195 pepli
768 2110 947 2177 Aristotelii
970 2112 1143 2196 composita
1164 2131 1231 2178 esse
1255 2111 1388 2179 coniecIt

200 2223 368 2290 aLobone
399 2224 527 2309 Argiuo,
558 2243 665 2318 quem.
680 2223 842 2291 falsarium
872 2224 968 2290 luisse
997 2243 1097 2308 nuper
1128 2225 1304 2291 luculenter
1331 2226 1386 2290 de-

199 2336 387 2403 monstravit
420 2337 455 2402 E.
485 2337 589 2403 Hiller
618 2331 691 2401 ‘Die
724 2335 936 2402 litterarische
970 2335 1158 2420 Thatigheit
1191 2338 1246 2402 der
1279 2337 1386 2403 sleben

200 2445 340 2516 Weisen'
366 2449 447 2515 Mus.
470 2449 569 2514 Rhen.
593 2448 733 2515 XXXIII
754 2447 818 2514 518
842 2466 909 2532 sqq.
933 2449 1042 2515 contra
1056 2449 1216 2516 Rossbach
1233 2455 1264 2517 et
1280 2451 1387 2517 Wesl-

199 2561 275 2645 phal
298 2561 393 2626 Metr.
416 2559 471 2627 11³
493 2563 557 2629 669
580 2561 662 2626 nihil
684 2579 773 2645 posse
796 2559 925 2644 reperiri
947 2561 981 2626 in
1004 2561 1229 2646 compositione
1254 2561 1387 2629 metrica

201 2675 337 2749 censent,
364 2672 445 2756 quod
468 2673 607 2739 carmina
629 2693 691 2740 nou
713 2675 850 2756 genuina
879 2692 945 2739 esse
973 2674 1150 2758 redarguat.
1182 2678 1276 2757 atque
1303 2674 1387 2741 idem

199 2785 263 2852 fere
299 2785 403 2871 Bergk
437 2783 529 2865 (PLG
558 2783 629 2851 ΙΙΙ3
661 2785 737 2869 968)
776 2786 924 2852 statuisse
957 2784 1097 2852 videtur:
1134 2781 1227 2851 ‘mihi
1260 2786 1385 2868 Pittaci,

200 2899 336 2981 Biantis,
359 2898 510 2980 Chilonis,
534 2898 675 2965 Thaletis
699 2899 874 2965 cantilenae
893 2898 1096 2983 antiquitatis
1111 2899 1203 2966 laude
1219 2918 1283 2965 non
1297 2899 1384 2966 frau-

199 3012 319 3080 dandae
341 3031 409 3080 esse
431 3012 587 3093 videntur,
610 3014 663 3078 sed
686 3012 793 3077 utrum
815 3010 854 3078 ab
877 3010 926 3094 iis,
949 3030 1082 3093 quorum
1104 3012 1229 3079 nomine
1246 3010 1383 3077 circum-

199 3129 390 3209 ferebantur,
414 3144 453 3192 an
470 3127 509 3193 ab
525 3124 596 3192 aliis
620 3124 760 3191 conditae
783 3125 856 3200 sint,
880 3123 914 3190 id
935 3141 1025 3190 nomo
1046 3125 1162 3208 poterit
1185 3119 1384 3190 diiudicarc'.

199 3241 263 3305 iam
278 3258 351 3306 vero
368 3236 576 3326 neminem⁴⁸)
599 3240 675 3322 puto
691 3236 781 3303 hodie
803 3237 946 3302 futurum
969 3256 1046 3320 esse,
1070 3238 1122 3319 qui
1144 3237 1223 3303 haee
1245 3234 1387 3302 carmina

198 3373 217 3420 a
239 3357 358 3438 septem
381 3352 448 3418 illis
471 3349 665 3437 sapientibus
688 3349 812 3417 condita
834 3369 898 3416 esse
921 3351 1101 3430 contendat,
1126 3349 1165 3415 cf.
1189 3347 1264 3414 Otto
1282 3348 1383 3414 Bern-

200 3470 293 3535 hardt
326 3461 399 3531 ‘Die
433 3463 539 3530 sieben
568 3464 695 3530 Weiseu
731 3458 985 3529 Griechenlands’
1023 3479 1125 3546 progr.
1159 3459 1266 3527 Sorav.
1303 3457 1386 3525 1864

199 3603 230 3668 p.
257 3580 307 3646 14.
331 3596 368 3644 ao
389 3578 473 3644 reete
496 3577 632 3662 quadam
655 3580 736 3643 certe
759 3576 905 3660 exparte
928 3579 965 3642 cle
988 3575 1038 3640 hle
1061 3572 1250 3641 carminibus
1272 3573 1385 3639 statutt

199 3693 234 3761 (l.
263 3691 300 3759 O.
327 3691 475 3771 Mueller,
509 3691 595 3757 illst.
628 3689 692 3756 litt.
727 3688 779 3756 Gr.
808 3687 847 3754 Ι3
875 3690 938 3756 318
972 3708 1037 3772 sqq.
1073 3687 1122 3753 his
1155 3706 1230 3753 usus
1264 3683 1383 3751 verbis:

192 3801 267 3872 ‘Die
289 3807 396 3875 sieben
418 3803 544 3871 Weisen
567 3803 678 3870 wollen
701 3805 757 3868 uir
778 3801 865 3868 nicht
886 3801 921 3867 in
943 3802 1026 3866 diese
1050 3799 1127 3867 Zahl
1153 3800 1221 3884 (der
1243 3796 1383 3865 Skolien·

199 3917 335 4002 dichter)
360 3918 557 3998 aufnehmen,
581 3918 663 3983 donn
686 3934 776 3981 wenn
798 3917 853 3981 der
868 3912 1211 3981 Geschichtssehreiher
1226 3913 1280 3978 der
1297 3910 1384 3977 alten

200 4070 405 4080 ——-—-—-

305 4154 335 4220 ⁴⁸)
353 4152 461 4208 Bohren
478 4147 528 4207 ‘De
546 4152 650 4220 septem
669 4142 848 4218 sapientibus’
869 4147 933 4203 diss.
952 4146 1044 4216 inaug.
1063 4145 1171 4200 Bonnae
1191 4147 1257 4198 1867
1276 4142 1309 4198 do
1328 4159 1384 4201 oar·

197 4249 325 4316 minibus,
345 4265 412 4320 quae
429 4248 517 4304 illist
504 4246 630 4302 tribuunt
632 4263 671 4313 ur,
694 4244 764 4299 nihil
782 4243 889 4300 omnino
910 4243 1041 4313 protulit;
1067 4240 1135 4296 dicit
1160 4237 1294 4309 quidem
1286 4255 1316 4292 un
1334 4240 1387 4293 fine

197 4346 285 4402 libelli
309 4362 337 4401 so
360 4345 393 4401 do
416 4345 468 4399 hac
495 4359 600 4413 quoque
626 4359 654 4397 re
685 4339 885 4410 disputaturum
912 4354 976 4405 esse,
994 4335 1041 4394 sed
1067 4334 1201 4408 promisso
1228 4349 1277 4389 suo
1302 4349 1387 4412 usque

198 4443 294 4511 adhuc,
311 4431 382 4514 quod
401 4440 493 4507 sciam,
512 4455 564 4493 non
582 4438 671 4495 stetit.
