3120 4966
678 331 889 396 -83-

182 517 228 585 ad
250 536 343 599 quem
366 517 473 582 locum
495 516 667 582 scholiasta
689 516 765 582 haec
794 516 973 584 adnotavit:
1001 520 1194 604 προείρηται
1221 522 1272 585 ὅτι
1299 542 1379 606 apo·

181 631 281 714 prado
308 629 446 712 ποιητὴς
469 630 487 693 ὁ
510 632 672 712 Μέλητος.
703 627 802 706 οὗτος
829 628 867 694 δέ
888 629 980 697 ἐστιν
1003 629 1021 694 ὁ
1044 635 1229 716 Σωκράτην
1250 637 1377 719 γραψά-

187 763 297 826 μενος.
327 742 539 831 ,κωμῳδεῖται
572 741 608 806 δὲ
640 742 698 806 καὶ
730 740 775 818 ὡς
804 744 932 826 ψυχρὸς
959 742 996 806 ἐν
1023 746 1063 828 τῇ
1090 745 1222 827 ποιήσει
1251 747 1307 810 καὶ
1335 744 1380 823 ὡς

181 852 335 937 πονηρὸς
362 853 422 917 τὸν
449 853 584 937 τρόπον.
617 851 678 915 hoo
706 850 805 936 igitur
832 851 900 916 loco
922 851 1058 917 Meletus
1087 855 1312 938 perstringitur
1341 859 1378 920 ut

168 963 322 1046 „frigidus
352 963 386 1026 in
414 963 509 1045 poesi,
544 962 578 1028 id
607 963 689 1044 quod
717 964 751 1027 in
779 962 889 1045 primis
916 962 1011 1028 hilari
1044 963 1130 1046 poesi
1163 967 1378 1050 symposiacae

184 1077 321 1141 miuime
343 1075 525 1140 convenisse
548 1075 640 1141 facile
663 1074 870 1158 Intellegitur.

291 1198 380 1294 Quod
404 1213 431 1278 si
455 1214 518 1277 iam
541 1231 586 1290 aa,
611 1231 689 1294 quae
714 1212 752 1277 de
774 1213 944 1279 ocellorum
965 1215 1064 1296 poetis
1079 1212 1193 1280 Ionicis
1209 1215 1241 1280 ot
1255 1216 1374 1282 Atticis

94 1383 95 1386 ,
187 1325 280 1390 modo
303 1323 448 1403 diximus,
472 1323 609 1389 breviter
631 1323 798 1407 complecti
821 1324 906 1404 licet,
932 1324 1008 1391 haec
1031 1328 1121 1390 sunt:
1153 1329 1260 1392 eodem
1275 1329 1377 1414 modo,

181 1454 248 1518 quo
270 1422 395 1514 Aeolus,
429 1436 524 1502 etiam
548 1437 638 1502 lones
660 1456 677 1501 e
700 1437 801 1520 Lydia
825 1437 1002 1503 asciverunt
1035 1439 1173 1505 carmina
1202 1439 1378 1506 convivalia

187 1551 312 1613 anctore
341 1548 512 1632 Pythermo
545 1548 630 1614 Teio.
665 1548 778 1614 deinde
806 1549 847 1615 ab
874 1532 952 1614 urbe
981 1549 1043 1614 Teo
1072 1568 1128 1633 per
1149 1551 1378 1617 Anacreontem

187 1659 284 1724 scolia
316 1658 460 1725 Athenas
495 1662 652 1726 translata
687 1664 776 1740 sunt,
813 1660 869 1725 ubi
904 1680 976 1727 mor
1009 1662 1093 1744 apud
1124 1665 1278 1747 populum
1310 1666 1378 1730 tam

179 1771 324 1854 gratiosa
346 1777 440 1854 atque
463 1772 582 1838 usitata
604 1791 668 1837 esse
692 1777 869 1856 coeperunt,
894 1775 931 1838 nt
953 1774 1061 1840 Attica
1084 1775 1333 1857 appellarentur.

289 1907 380 1990 Ilgen
408 1910 634 1976 Archilochum
661 1909 806 1987 Parium,
836 1913 889 1994 qui
918 1910 1039 1994 primns
1067 1930 1105 1976 er
1131 1913 1232 1993 poetis
1261 1913 1377 1978 Ionicis

186 2040 262 2086 usus
291 2023 338 2087 est
367 2021 489 2100 iambis,
523 2021 620 2087 scolia
654 2022 750 2086 etiam
784 2021 992 2103 composuisse
1026 2022 1174 2101 ooniecit;
1210 2023 1250 2088 of.
1279 2024 1378 2090 scolia

181 2131 319 2212 XXXII,
343 2132 495 2212 XXXIII,
518 2132 880 2200 XXXVI-XXXVIII.
906 2134 1150 2199 onisententiae
1172 2135 1377 2201 iamdudum

185 2244 330 2310 nonnulli
352 2247 413 2310 viri
436 2246 519 2311 docti
547 2246 705 2311 adversati
734 2248 818 2328 sunt,
848 2245 901 2311 sed
931 2245 1012 2311 hano
1040 2247 1138 2312 solam
1170 2247 1208 2311 oh
1238 2264 1375 2328 cansam,

180 2357 267 2440 *quod
291 2357 501 2423 Archilochus
516 2358 696 2442 Terpandro
719 2358 886 2423 scoliorum
909 2357 1070 2423 inventore
1092 2359 1170 2424 natu
1192 2358 1294 2424 maior
1315 2359 1377 2426 fuit

180 2471 241 2551 def.
264 2470 351 2534 Beda
374 2469 395 2536 l.
419 2488 444 2534 c.
468 2469 543 2534 112
569 2489 599 2553 p.
622 2468 710 2554 459).
746 2472 827 2552 quod
851 2472 1075 2555 argumentum
1097 2470 1182 2536 haud
1206 2470 1374 2554 quicquam

185 2581 286 2660 valet;
310 2600 384 2647 uam
398 2582 617 2664 Terpandrum
632 2582 705 2648 ante
722 2581 948 2648 Archilochum
971 2583 1081 2648 vixisse
1103 2600 1187 2647 nunc
1210 2582 1274 2647 lere
1290 2583 1375 2649 inter

181 2710 291 2758 omnes
314 2692 448 2758 constat.
472 2695 505 2757 at
520 2694 548 2758 ei
562 2695 755 2772 reputaveris
779 2693 901 2759 nullam
924 2693 1052 2786 omnino
1076 2692 1268 2760 mentionem
1291 2698 1374 2778 apud

187 2807 305 2870 veteres
335 2804 403 2869 fieri
432 2805 610 2870 carminum
640 2805 849 2872 conuiualium
872 2806 911 2870 ab
935 2804 1123 2871 Archilocho
1150 2804 1376 2884 coniectorum,

185 2934 288 2998 neque
309 2917 342 2980 in
365 2917 553 3000 fragmentis
576 2918 710 2983 servatis
733 2917 837 2984 ullum
864 2915 1037 2984 hilaritatis
1066 2917 1278 3002 symposiacae
1302 2935 1376 2983 con-

178 3029 265 3111 spici
287 3028 467 3111 vestigium‚
490 3047 530 3094 no
551 3030 589 3094 tu
611 3029 738 3112 quidem
760 3033 837 3114 puto
860 3030 982 3114 Ilgenio
1005 3028 1247 3112 adstipulatore.

537 3281 608 3360 De
634 3279 793 3378 poetis
819 3279 1020 3360 Derieis.

685 3452 705 3520 Ι.
728 3449 876 3520 Alcman.

288 3601 422 3668 Alcman
450 3601 484 3666 in
511 3600 688 3684 fragmento
717 3597 806 3663 XXV
829 3600 867 3667 B.
894 3597 1035 3680 puellam
1063 3599 1111 3664 ita
1141 3599 1241 3665 semet
1270 3597 1374 3682 ipsum

177 3713 396 3796 alloquentem
419 3712 509 3779 facit:

494 3877 557 3941 οὐκ
578 3873 626 3953 εἷς
647 3875 732 3960 ἀνὴρ
756 3879 911 3959 ἄγροικος
933 3875 1013 3940 οὐδὲ

494 3990 609 4066 σκαιὸς
630 3988 710 4054 οὐδὲ
731 3990 823 4074 παρὰ
844 3998 1002 4073 σοφοῖσιν

493 4099 573 4164 οὐδὲ
598 4099 765 4177 Θεσσαλὸς
785 4103 882 4184 γένος

494 4212 566 4277 οὐδ’
584 4209 792 4298 Ἐρυσιχαῖος
814 4212 894 4278 οὐδὲ
915 4215 1049 4296 ποιμήν,

493 4325 576 4389 ἀλλὰ
598 4324 757 4410 Σαρδίων
778 4322 833 4388 ἀπ’
857 4324 974 4408 ἀκρᾶν.
1204 4425 1218 4458 a

1180 4427 1196 4476 d
