3120 4966
699 334 743 345 ..
786 297 915 367 28.-

211 505 285 551 nam
307 483 379 549 Orio
400 484 566 550 Thebanus
577 482 616 568 ¹⁶)
639 485 720 549 teste
737 483 860 550 Marino
882 483 949 549 vita
964 484 1017 551 Pr.
1033 503 1059 550 c.
1081 485 1101 550 8
1124 485 1230 551 Procli
1252 487 1403 571 magister

210 596 274 662 fuit
306 596 363 680 (cf.
386 595 487 661 Maur.
510 593 664 677 Schmidt,
693 595 765 661 Did.
789 595 966 678 fragmenta
987 614 1016 677 p.
1033 597 1123 679 390).
1152 613 1244 681 porro
1267 598 1401 664 sirecte

212 709 374 774 observata
395 711 469 772 sunt
491 726 536 786 ea,
563 725 642 790 quae
664 705 741 771 dicit
763 704 906 772 Schmidt
928 707 951 773 l.
976 727 1019 774 a:
1040 704 1183 792 ‘Didymi
1205 712 1281 794 περὶ
1303 732 1399 793 ποιη-

213 829 280 884 τῶν
308 821 480 887 tractetum
508 819 692 901 primarium
721 820 815 902 atque
844 819 921 885 adeo
943 819 1073 883 unicum
1096 839 1157 886 non
1180 821 1272 886 modo
1294 821 1400 887 Orioni
1438 823 1440 827 ’

215 932 250 996 in
270 931 349 996 locis
371 931 510 1014 aliquam
533 930 660 1011 multis,
683 931 738 997 sed
761 931 858 996 etiem
874 931 983 997 Proclo
1001 930 1094 1016 Lycio
1117 933 1150 995 in
1174 933 1293 999 duobus
1316 934 1401 1016 prio-

215 1043 303 1109 ribus
327 1042 589 1123 chrestomathiae
610 1042 701 1110 libris
725 1043 844 1107 fontem
872 1042 969 1108 fuisse
998 1061 1060 1109 non
1079 1044 1146 1108 sine
1168 1045 1304 1109 maxima
1334 1045 1399 1110 veri

213 1153 316 1235 specie
337 1149 521 1236 suspiceris,
545 1153 611 1219 siue
632 1154 726 1221 dubio
747 1153 814 1219 iure
832 1155 1053 1219 contendemus
1076 1173 1093 1219 e
1113 1154 1247 1238 Didymo
1263 1157 1399 1239 duxisse,

212 1283 292 1350 quae
321 1265 445 1348 utrique
474 1267 548 1331 sunt
577 1265 755 1332 eommunia
784 1268 815 1330 et
838 1265 946 1332 Orioni
968 1265 1001 1330 et
1021 1266 1144 1332 Procle.
1177 1270 1211 1332 at
1234 1269 1402 1348 Didymum

213 1380 345 1442 eandem
369 1396 463 1460 quarn
485 1376 632 1443 Prooluin
655 1379 688 1442 et
709 1375 855 1444 Orionem
880 1379 1060 1460 amplexum
1082 1397 1149 1444 esse
1172 1380 1210 1443 de
1232 1381 1402 1446 scolicrum

214 1489 339 1554 nomine
368 1489 556 1553 seutentiam
586 1506 677 1570 aegre
709 1488 788 1553 mihi
817 1488 1005 1571 persuadeo;
1043 1509 1118 1554 uam
1148 1492 1198 1555 sat
1233 1490 1402 1556 absurdam

214 1620 284 1667 cam
308 1619 374 1666 esse
396 1603 448 1666 vix
475 1601 640 1683 quisquam
663 1600 780 1666 infitias
808 1599 878 1666 ibit.
914 1600 1014 1685 egisse
1044 1603 1152 1667 autern
1175 1602 1213 1666 de
1236 1603 1404 1669 scoliorum

216 1712 352 1778 nominis
376 1713 494 1797 origiue
513 1712 686 1797 Didymum
709 1732 745 1778 en
767 1713 870 1798 Etym.
896 1715 1002 1797 Magn.
1025 1733 1049 1778 s.
1071 1733 1101 1778 v.
1126 1718 1274 1778 σκολιόν·
1298 1717 1403 1781 Δίδυ-

212 1828 276 1909 μός
297 1841 381 1910 φησι
403 1826 589 1908 διαφόρους
611 1825 825 1909 ἐτυμολογίας
848 1826 884 1891 ἐν
905 1824 976 1914 (τῷ)
1001 1832 1098 1915 τρίτῳ
1130 1836 1197 1890 τῶν
1218 1843 1404 1911 συμποσια-

215 1940 440 2018 suescimus,
474 1939 528 2004 uhi
551 1939 681 2004 fortasse
704 1938 832 2016 attulit,
867 1937 920 2001 sed
944 1957 1004 2002 uon
1026 1939 1211 2021 approbavit
1241 1939 1320 2004 illud
1347 1958 1403 2005 no·

214 2036 319 2116 minis
342 2049 563 2133 veriloquium,
594 2049 676 2132 quod
699 2048 806 2114 Orioni
834 2052 866 2113 et
888 2048 997 2114 Proclo
1021 2051 1155 2114 manime
1178 2049 1319 2116 arrisisse
1343 2068 1403 2116 non

215 2162 350 2246 Didymo
374 2161 435 2244 ipsi
457 2160 535 2227 vitio
550 2160 608 2226 'est
631 2160 828 2225 vertendum.

319 2299 424 2364 Procli
453 2298 654 2381 explicationi
685 2298 868 2362 adversatur
891 2297 1073 2363 Eustathius
1096 2318 1126 2381 p.
1151 2299 1252 2379 1574,
1281 2301 1321 2364 12
1355 2300 1404 2365 his

216 2395 336 2477 rerbis:
367 2413 482 2476 σκόλια
505 2412 541 2475 δὲ
563 2411 663 2477 τοίτό
686 2431 721 2474 τε
743 2410 799 2473 καὶ
821 2408 890 2473 κατ’
916 2410 997 2473 αὐτὸ
1020 2412 1146 2492 λέγεται
1169 2416 1213 2499 τῷ
1236 2412 1296 2494 μὲν
1318 2414 1403 2501 τόνῳ

213 2515 299 2609 ’πρὸς
321 2523 499 2606 διαστολὴν
526 2534 587 2586 τοῦ
610 2531 729 2598 κοινῶς
752 2525 886 2585 σκολιοῦ
916 2522 1149 2606 ἣπροίγματος
1171 2523 1191 2605 ἢ
1213 2526 1331 2606 λόγου·
1365 2528 1405 2609 τῇ

215 2619 246 2699 δ’
264 2635 377 2723 ἐννοίᾳ
400 2635 461 2719 οὐχ
476 2637 527 2700 ὅτι
543 2638 660 2699 σκολιά
676 2636 739 2699 εἰσι
753 2636 840 2723 λόγῳ
864 2634 983 2716 ψόγου,
1007 2635 1089 2697 ἀλλὰ
1110 2637 1194 2697 κατά
1215 2657 1289 2698 τινα
1311 2638 1404 2719 μελο-

214 2747 329 2823 ποιίας
349 2749 471 2830 νόμον,
499 2747 536 2824 ὃς
558 2746 612 2811 οἶα
635 2747 723 2838 οἰκὸς
745 2746 786 2811 οὐ
808 2746 891 2831 πρὸς
913 2746 1000 2809 εὐθὺ
1024 2745 1195 2828 ἐμέλπετο,
1228 2748 1309 2811 ἀλλὰ
1331 2769 1402 2812 κτοι-

214 2857 315 2936 κίλως
337 2857 539 2924 ἐσκολιοῦτο.
574 2858 686 2924 calami
715 2859 782 2922 siue
806 2857 899 2922 dubio
922 2858 1012 2940 lapsu
1042 2856 1124 2939 apud
1147 2858 1302 2941 iigenium
1333 2877 1404 2924 exe·

219 2973 323 3034 ratum
352 2972 400 3034 est
428 2971 515 3058 λόγῳ
546 2971 670 3052 ψόγον,
705 2988 798 3052 quem
827 2987 960 3034 errorem
992 2968 1102 3033 Ruuch
1136 2969 1230 3033 nimis
1261 2970 1403 3035 credulus

218 3058 324 3145 ueram
347 3080 538 3162 scripturam
566 3100 632 3146 esse
664 3081 752 3146 ratus
776 3079 926 3147 coniecit:
960 3083 1069 3165 λόγων
1091 3083 1206 3165 ψόφου
1229 3076 1280 3148 ‘ut
1302 3084 1403 3147 tortu·

123 3239 130 3245 .
217 3209 292 3257 osus
308 3191 472 3257 verborum
489 3211 583 3259 sonus
606 3192 656 3258 vel
671 3190 869 3258 artificiosius
885 3210 984 3275 genus
1006 3180 1137 3257 dicendi
1163 3191 1404 3277 significaretur.
1509 3226 1511 3231 <

217 3302 350 3369 Koester
372 3304 479 3371 autem
501 3288 693 3388 quamquem
709 3304 850 3370 codicum
872 3308 1060 3387 scripturam
1076 3308 1267 3387 compertam
1282 3303 1404 3387 habuit,

218 3418 341 3492 tamen,
371 3418 444 3500 quid
469 3416 566 3481 verba
594 3417 711 3482 tradita
740 3414 970 3500 significarent,
1002 3416 1150 3498 ignoraus
1174 3415 1326 3481 coniecit:
1359 3416 1406 3492 είς

218 3530 321 3610 λόγου
336 3530 452 3610 ψόγον.
477 3530 529 3593 sed
545 3531 629 3593 recte
652 3528 801 3592 exhibent
821 3527 941 3594 codices
956 3531 1044 3616 λόγῳ
1059 3532 1178 3610 ψόγου,
1202 3525 1284 3609 quod
1306 3525 1406 3608 sigui-

218 3635 312 3703 ficat:
347 3634 455 3704 ‘sensu
477 3639 577 3721 malo,
608 3612 699 3703 sensu
721 3635 1006 3721 reprehensionis,
1033 3639 1158 3721 qualem
1180 3655 1308 3705 sensum
1331 3637 1405 3706 Orio

216 3751 250 3816 et
272 3730 404 3817 Procius
427 3751 459 3817 in
482 3750 648 3817 scoliorum
671 3750 796 3815 nomine
819 3749 919 3839 inesse
943 3751 1062 3834 opinati
1086 3751 1169 3816 sunt

323 3864 465 3946 Denique
487 3862 666 3946 Hesychius
698 3861 775 3927 haec
805 3861 902 3928 habet
924 3862 962 3927 de
984 3862 1151 3928 ecoliorum
1174 3862 1298 3927 nomine
1327 3882 1352 3928 s.
1374 3881 1405 3928 v.

217 3975 353 4041 enniani·
375 3976 437 4059 τὴν
458 3977 636 4060 παροίνιον
658 3974 752 4062 γόόὴν
775 3975 882 4051 οὕτως
903 3975 1017 4058 ἔλεγον
1034 3975 1075 4038 οὐ
1091 3974 1147 4037 διὰ
1166 3975 1225 4038 τὸν
1239 3983 1296 4056 τῆς
1312 3977 1406 4057 μελο·

326 4213 359 4283 ¹⁶)
377 4214 417 4268 De
429 4213 481 4269 Oro
494 4217 522 4268 et
535 4213 642 4280 Orione,
661 4221 774 4281 quorum¹
786 4214 895 4268 nomina
907 4213 1051 4267 sescenties
1064 4210 1267 4266 confunduntur
1279 4225 1295 4264 a
1307 4210 1405 4265 ueteri?

222 4307 272 4362 bue
301 4308 486 4377 scriptoribus,
513 4307 619 4378 egregie
646 4305 799 4377 disputarit
825 4307 871 4361 Fr.
897 4306 1006 4361 Ritechl
1037 4306 1168 4375 Opusc.1
1195 4321 1238 4375 pp.
1260 4307 1407 4363 582-6'13.
