3120 4966
420 1275 481 1388 Π.
508 1275 577 1387 lle
614 1272 884 1387 sooliorum
921 1272 1137 1387 nomine.

295 1627 438 1712 Veteres
472 1644 694 1730 grammaticos
725 1663 764 1708 ne
792 1643 856 1727 pilo
887 1643 1012 1726 quidem
1042 1641 1154 1708 melius
1185 1661 1280 1724 quam
1310 1660 1366 1709 nos

179 1758 305 1824 edoctos
326 1757 432 1832 fuisse,
455 1757 539 1822 unde
553 1758 650 1822 scolia
665 1775 778 1820 nomen
792 1756 971 1834 traxissent,
988 1756 1038 1819 sat
1053 1756 1135 1820 clare
1150 1752 1368 1838 perspicietur,

180 1870 209 1934 si
231 1870 315 1935 locos
340 1873 485 1934 ueterum
506 1869 705 1951 scriptorum,
729 1868 783 1951 qui
806 1870 844 1933 de
866 1886 902 1933 ca
923 1887 957 1931 re
980 1867 1075 1934 verba
1096 1867 1247 1950 iecerunt,
1271 1884 1365 1932 aceu-

181 1979 283 2044 ratius
306 1980 551 2046 tractaverimus.
574 1998 765 2063 quamquam
787 1979 871 2045 onim
893 1981 956 2044 iam
979 1979 1161 2044 Aristotelis
1177 1978 1367 2062 temporibus
1421 2051 1424 2057 .

185 2091 302 2156 vixisse
325 2092 500 2171 traduntur,
524 2093 578 2176 qui
600 2093 703 2176 primi,
727 2093 809 2174 qnod
826 2091 971 2170 sciamus,
995 2091 1032 2155 de
1056 2091 1222 2156 scoliorum
1244 2090 1369 2156 nomine

186 2205 433 2289 disputaverunt,
456 2204 683 2271 Dicaearchum
712 2205 780 2269 dico
805 2204 837 2269 et
859 2203 1090 2282 Aristoxenum,
1119 2204 1225 2268 tamen
1255 2202 1310 2268 alii
1338 2204 1370 2267 in

185 2316 264 2382 alies
288 2317 495 2383 discesserunt
516 2321 622 2400 pantes
644 2317 700 2396 ita,
731 2321 767 2382 ut
792 2317 935 2400 singulae
958 2334 1064 2381 eorum
1093 2319 1264 2381 sententiae
1287 2314 1371 2379 inter

183 2447 218 2492 se
251 2429 421 2494 consociari
453 2447 516 2494 non
548 2431 668 2512 possint
701 2433 733 2494 et
767 2429 860 2494 facile
893 2427 993 2494 solam
1028 2427 1250 2512 etymologiam
1284 2426 1370 2493 vocis

184 2543 323 2622 σκολιός,
354 2559 416 2606 non
445 2541 547 2625 ipsam
571 2541 840 2607 cantiuncularum
863 2543 1007 2605 naturam
1029 2539 1222 2605 diversarum
1244 2539 1370 2605 illarum

182 2653 478 2734 interpretationum
501 2672 627 2720 causam
656 2654 753 2718 fuisse
782 2652 993 2737 intellegatur.
1019 2655 1068 2718 sat
1090 2651 1250 2717 infirmum
1273 2652 1371 2736 igitur

182 2767 304 2829 veteres
327 2765 401 2830 huic
424 2765 598 2847 quaestioni
621 2765 820 2848 explicandae
843 2764 1036 2847 reliquerunt
1060 2764 1312 2842 fundamentum,
1336 2782 1372 2828 ao

182 2876 384 2963 vehementer
400 2878 567 2943 dolendum
583 2882 630 2943 est
646 2878 728 2942 viros
745 2880 860 2956 doctos,
884 2877 938 2959 qui
961 2879 1068 2941 nostra
1090 2877 1192 2941 aetate
1214 2876 1252 2940 de
1266 2875 1371 2941 sociiis

183 2985 284 3052 fusius
323 2987 523 3071 scripserunt,
563 2991 694 3056 eandem
732 3009 826 3073 quam
859 2994 979 3054 veteres
1016 2988 1139 3074 ingredi
1174 2987 1257 3052 riam
1294 2986 1372 3053 satis

184 3097 316 3178 duxisse,
340 3119 400 3183 quo
422 3101 540 3166 tactum
563 3102 620 3185 est,
645 3107 679 3167 ut
702 3101 933 3186 probabilitatis
949 3103 1104 3184 quandam
1120 3101 1254 3180 speciem
1270 3099 1371 3164 secuti

187 3213 275 3276 modo
288 3213 379 3292 hanc,
403 3215 494 3279 modo
510 3214 599 3279 illem
614 3218 757 3280 veterum
779 3214 966 3280 sententiam
991 3212 1255 3294 amplecterentur
1277 3216 1370 3295 atque

186 3321 363 3389 interiorem
392 3327 559 3391 scoliorum
588 3326 724 3391 nominis
753 3329 786 3391 et
815 3329 946 3391 naturae
974 3343 1125 3389 conexum
1153 3341 1277 3406 prorsus
1307 3323 1371 3388 fere

186 3435 393 3520 neglegerent.

288 3565 348 3633 Sed
369 3552 550 3651 priusquam
573 3567 698 3652 singula
719 3568 860 3632 veterum
882 3565 1069 3647 scriptorum
1092 3563 1272 3630 testimonia
1300 3583 1371 3629 exe-

183 3676 351 3757 minemus,
380 3698 478 3763 pauca
506 3681 585 3745 mihi
615 3680 794 3764 exponenda
823 3696 887 3743 esse
915 3680 990 3760 puto
1019 3678 1056 3740 de
1090 3677 1229 3757 accentu,
1264 3676 1372 3741 utrum

184 3795 319 3858 σκόλιον
342 3812 381 3859 an
403 3795 537 3859 exoleto
560 3793 603 3858 sit
625 3792 834 3870 scribendum,
858 3810 930 3855 oum
945 3792 1077 3872 utraque
1092 3789 1186 3854 lectio
1201 3788 1372 3870 reperiatur

182 3904 358 3986 promiscue
387 3905 421 3968 in
449 3905 538 3970 libris
561 3902 841 3986 manuscriptis¹¹).
872 3921 908 3967 ac
936 3905 1070 3967 σκόλιον
1097 3902 1149 3985 qui
1170 3900 1370 3983 scripserunt,

182 4062 390 4073 ———-

290 4149 321 4214 ¹¹)
340 4144 379 4200 De
401 4145 488 4201 forma
511 4145 613 4214 σκολία,
635 4160 704 4215 quae
727 4144 830 4214 legitur
848 4143 918 4212 apud
936 4142 1074 4197 Pollucem
1093 4140 1132 4195 VI
1153 4143 1210 4207 108,
1232 4155 1278 4194 cnr
1296 4138 1373 4208 plura

182 4239 266 4295 verbe
283 4240 423 4310 iaciamus,
441 4256 496 4296 non
514 4257 571 4296 osse
588 4241 703 4295 videtur.
778 4269 785 4282 ·
832 4266 840 4281 ·

1181 4323 1218 4374 2*
