3120 4966
673 238 938 356 ..ra-¹

184 498 285 563 symp.
309 481 335 544 ΙΙ
351 483 378 543 l.
402 480 432 557 5,
465 479 562 545 schol.
587 480 685 545 Arist.
710 480 801 562 Vcsp.
832 498 862 542 v.
892 479 984 557 1239,
1014 482 1106 546 Phot.
1136 479 1215 546 bibl.
1239 481 1312 545 321.
1343 481 1373 556 3,

183 592 238 656 ubi
267 587 428 676 βάρβιτον
454 609 510 674 pro
539 591 606 676 lpra
634 593 911 671 commemoratur,
945 592 1058 658 Pollux
1090 592 1199 657 Onom.
1224 593 1269 655 Vl
1302 593 1372 665 108,

184 702 295 768 isidor.
317 702 421 768 Polus.
445 702 478 767 H
496 720 557 786 cp.
576 703 655 784 146,
690 703 747 769 alii
769 703 927 787 permulti.
962 703 1016 769 scd
1039 703 1142 789 lyram
1165 722 1227 768 non
1250 723 1374 787 semper

183 814 356 880 adhibitam
387 832 454 880 csse
478 816 513 880 et
537 833 594 898 pro
617 835 653 881 ea
677 817 774 900 myrti
809 817 859 881 vel
883 814 965 881 lauri
989 816 1131 882 trondem
1162 817 1306 881 canentes
1340 816 1375 881 in

184 926 327 992 manibus
352 926 498 993 habuisse
521 927 715 1011 intellegitur
737 946 774 992 cx
793 927 842 992 his
857 927 948 992 locis:
972 928 1109 1012 Hcsyeh.
1125 947 1150 992 s.
1167 947 1196 996 v.
1212 931 1376 1012 μυρρίνης
1416 958 1419 962 *

183 1037 303 1114 κλάδος
324 1034 345 1122 ἢ
367 1037 514 1122 δάφνης·
538 1042 628 1123 παρὰ
650 1043 753 1105 πότον
776 1043 939 1124 μυρρίνης
955 1088 962 1104 .
980 1088 986 1104 .
1005 1089 1037 1104 ..
1059 1038 1175 1124 (suppl.
1191 1043 1302 1103 κλῶνα
1324 1040 1377 1120 vel

182 1149 318 1231 κλάδον)
344 1140 387 1235 ἦν
402 1153 549 1233 σύνηθες
564 1151 696 1215 διδόναι
718 1162 787 1227 τοῖς
804 1155 1051 1234 κατακειμένοις
1066 1152 1102 1216 ἐκ
1117 1152 1274 1235 διαδοχῆς
1290 1152 1375 1236 ὑπὲρ

183 1272 242 1326 τοῦ
266 1252 345 1348 ᾆσαι
367 1264 441 1326 άντλ
464 1273 524 1327 τοῦ
548 1265 728 1348 βαρβίτου,
763 1263 847 1328 idom
870 1280 895 1326 8.
921 1283 948 1326 v.
972 1259 1066 1350 ᾄδειν
1088 1264 1373 1348 πρὸςμυρρίνην·

123 1371 124 1374 '
183 1376 261 1450 ἔθος
275 1373 312 1438 ἐν
327 1384 395 1450 τοῖς
409 1378 607 1457 συμποσίοις
620 1376 680 1439 τὸν
694 1375 738 1458 μὴ
755 1373 947 1458 δυνάμενον
962 1361 1043 1462 ᾆσαι
1059 1375 1139 1458 (scil.
1152 1376 1235 1460 πρὸς
1249 1376 1368 1459 λύραν)

188 1485 317 1570 δάφνης
337 1489 449 1550 κλῶνα
470 1481 491 1571 ἢ
514 1490 677 1571 μυρρίνης
698 1488 843 1569 λαβόντα
866 1488 948 1570 πρὸς
971 1487 1077 1568 αὐτὴν
1100 1483 1203 1574 ᾄδειν,
1227 1487 1269 1553 id.
1294 1507 1319 1552 s
1344 1507 1374 1554 v.

189 1597 249 1679 την
264 1596 446 1674 ἑπιδεξιάν·
468 1601 667 1683 περιέφερον
682 1599 720 1662 ἐν
734 1609 804 1674 τοίς
819 1603 1017 1681 συμποσίοις
1032 1599 1085 1663 ἐπὶ
1107 1599 1197 1677 δεξιά
1219 1602 1255 1664 τὸ
1274 1598 1376 1666 πάλαι

186 1714 343 1793 κιθάραν,
366 1708 435 1775 εἶτα
457 1714 633 1796 μυρρίνην,
656 1711 739 1794 πρὸς
761 1707 802 1794 ἣν
826 1697 921 1795 ᾖδον,
947 1688 1089 1776 Clemens
1113 1712 1201 1777 Alex.
1226 1713 1277 1788 72,
1299 1713 1319 1776 3
1338 1711 1374 1778 S:

186 1823 218 1886 ol
249 1822 285 1885 δὲ
314 1825 555 1906 μουσικώτεροι
588 1825 644 1886 καλ
677 1823 759 1907 πρὸς
788 1824 896 1906 λύραν
926 1807 1012 1906 ᾖδον
1054 1823 1131 1904 (scil.
1162 1825 1203 1886 τά
1232 1822 1374 1905 σκολιά),

184 1933 344 2015 Aristoph.
367 1933 463 1999 schol.
489 1934 582 2016 Vesp.
606 1953 635 1997 v.
659 1933 751 2010 1222,
775 1933 902 1997 Tzetnes
926 1934 963 1998 dc
987 1935 1125 2009 comoed
1147 1953 1174 1997 v.
1199 1934 1250 2012 88,
1273 1934 1369 2000 schol.

183 2044 265 2110 Plat.
282 2042 374 2128 Gorg.
397 2045 458 2110 451
477 2046 517 2109 Ε;
552 2045 634 2109 unde
656 2045 778 2110 factum
802 2049 863 2118 ost,
895 2050 931 2108 ut
953 2045 985 2108 in
1010 2044 1167 2126 proverbii
1176 2043 1217 2123 ³⁷)
1246 2063 1373 2110 consue·

183 2155 325 2220 tudinem
353 2157 496 2221 venirent
518 2159 614 2222 verba
635 2158 718 2240 πρὸς
740 2160 907 2241 μυρρίνην
930 2154 1034 2244 ᾄδειν,
1080 2158 1120 2222 cf.
1151 2157 1248 2222 schol.
1273 2157 1371 2223 Arist.

187 2268 278 2351 Vesp.
304 2288 334 2332 v.
361 2268 458 2333 1239:
480 2266 720 2353 Ἀριστοφάνης
744 2269 781 2334 ἐν
798 2273 980 2354 Πελαργοῖς

368 2406 386 2469 ό
410 2406 471 2490 μὲν
493 2391 576 2492 ᾖδεν
593 2403 755 2491 Ἀδμήτου
779 2409 880 2490 λόγον
902 2408 985 2491 πρὸς
1013 2411 1188 2492 μυρρίνην,

367 2518 385 2580 ὁ
409 2520 438 2580 δ’
462 2519 565 2582 αὐτὸν
588 2518 772 2602 ἠνάγκαζεν
782 2514 962 2602 Ἀρμοδίου
987 2522 1092 2602 μέλος.

186 2655 236 2719 sed
258 2654 298 2721 ad
321 2655 433 2719 tibiam
459 2654 556 2719 etiam
580 2659 706 2720 cantata
741 2675 807 2720 esse
831 2655 928 2720 scolia
951 2657 1086 2721 conicias
1116 2655 1249 2720 eschol.
1273 2654 1371 2719 Arist.

185 2766 277 2850 Vesp.
307 2786 336 2832 r.
364 2760 457 2844 1239,
491 2767 545 2832 ubi
569 2766 689 2832 Cratini
714 2787 821 2832 versus
844 2767 973 2833 affertur
996 2768 1032 2831 ἐκ
1055 2770 1233 2851 Χειρώνων
1256 2768 1309 2852 (fr.
1335 2767 1374 2831 10

184 2879 279 2944 Mein.
317 2878 382 2943 hio:

281 2881 292 2960 )
338 2994 562 3075 Κλειταγόρας
584 2987 694 3078 ᾅδειν,
719 2992 799 3055 ὅταν
817 2987 980 3074 Ἀδμήτου
1004 2993 1101 3074 μέλος
1124 2992 1218 3076 corp.

287 3128 441 3194 Frondem
466 3133 571 3193 autem
603 3128 693 3192 illam
718 3133 872 3212 myrteam
902 3131 952 3193 vel
977 3130 1131 3206 lauream,
1167 3128 1203 3193 do
1226 3147 1287 3211 qua
1310 3127 1373 3192 iam

183 3258 277 3323 supra
300 3258 402 3304 sermo
425 3239 497 3317 fuit,
522 3240 716 3322 appellatam
740 3259 807 3304 esse
831 3245 971 3304 αἴσακον
994 3240 1123 3304 tradunt
1138 3239 1273 3323 Hesych.
1297 3258 1322 3304 s.
1342 3260 1371 3305 v.
1485 3264 1488 3268 ⁸

184 3356 336 3428 αίσακος·
378 3352 476 3436 ὁτῆς
499 3349 630 3435 δάφνης
659 3353 801 3433 κλάδος,
840 3353 880 3416 ὃν
908 3356 1099 3436 κατέχοντες
1130 3355 1262 3435 ὕμνουν
1295 3354 1374 3427 τοὺς

184 3467 296 3547 θεούς,
327 3463 414 3530 Suid.
438 3483 461 3527 s.
487 3483 525 3542 u,
555 3465 664 3529 Zonar.
690 3465 704 3526 I
730 3465 780 3528 12.
809 3464 890 3545 quod
913 3483 1026 3528 nomen
1049 3465 1239 3529 Plutarchus
1262 3482 1372 3546 quam·

185 3574 232 3640 vis
250 3576 359 3658 pingui
375 3575 519 3640 Minerva
542 3577 675 3657 explicat
697 3575 745 3640 his
768 3576 872 3640 verbis
895 3577 916 3639 l.
941 3594 984 3640 c:
1008 3579 1171 3660 μυρσίνης
1193 3577 1372 3661 παραδιδο-

184 3690 293 3770 μένης,
316 3689 358 3770 ἣν
382 3691 533 3769 αἴσακον,
557 3685 648 3770 οἶμαι
670 3685 726 3752 διά
749 3689 786 3752 τὸ
809 3682 904 3775 ᾅδειν
926 3688 984 3751 τὸν
1008 3686 1198 3770 δεξάμενον,
1221 3687 1372 3752 ἐκάλουν.

150 3873 152 3880 ,
185 3798 265 3864 aliae
287 3800 381 3864 huius
403 3799 539 3864 nominis
562 3801 683 3864 formae
706 3802 780 3864 sunt
802 3803 964 3883 αίεσχλος·
996 3797 1115 3876 κλάδος
1139 3798 1268 3882 δάφνης
1290 3799 1373 3882 apud

185 3910 377 3996 Hesychium
406 3913 438 3975 et
460 3914 591 3995 κίεσχος
621 3911 704 3992 apud
728 3910 874 3993 Suidam,
909 3929 1098 3993 quamquam
1132 3916 1262 3991 utroque
1295 3911 1373 3987 loco,

185 4040 260 4088 num
282 4023 417 4107 genuina
440 4022 484 4088 sit
506 4042 541 4088 ca
564 4024 675 4100 forma,
699 4023 838 4088 dubitari
860 4024 972 4105 potest.
1081 4032 1083 4036 ’

289 4308 321 4374 ⁸⁷)
340 4307 373 4361 cl.
393 4306 491 4360 Zenob.
510 4306 523 4360 Ι
544 4311 583 4371 19,
604 4303 650 4359 ubi
670 4305 731 4358 vide
749 4305 911 4373 interpretes
931 4305 1131 4373 Gottingenses.
