3120 4966
712 290 927 365 416..

175 528 178 533 »
222 489 357 572 ponitur,
389 489 463 571 quid
492 490 642 554 novatum
670 489 768 554 sitin
801 494 869 555 arte
891 491 1010 555 musica
1032 509 1055 555 a
1072 490 1233 555 veteribus
1256 491 1369 574 poetis,
1393 513 1409 556 c

221 600 382 683 scriptoris
410 600 517 666 neseio
544 599 634 666 cuius
657 601 738 668 libro
761 603 836 665 sunt
859 601 1043 685 deprompta
1068 602 1101 683 (l.
1126 620 1152 666 c.
1176 622 1206 685 p.
1231 603 1299 684 25).
1336 604 1408 687 qui·

223 712 282 777 bus
304 711 464 794 perpensis
487 712 550 777 iam
572 729 635 776 non
657 711 756 792 video,
781 731 836 777 cur
860 712 1040 778 diffidamus
1056 714 1160 779 verbis
1175 733 1271 798 supra
1290 715 1407 800 allatis,

220 825 334 907 quibus
357 824 561 889 confirmatur
583 823 757 888 Pindarum
779 824 997 905 Terpandrum
1023 823 1191 890 scolicrum
1213 825 1409 893 inventorem

222 936 345 1011 dixisse,
368 934 551 1018 praesertim
571 955 644 1000 cum
666 936 727 1000 loci
742 934 904 1001 Pindarici
928 938 1027 1001 exstet
1049 937 1271 1020 fragmentum,
1294 939 1329 1003 in
1352 959 1412 1022 quc

222 1050 260 1115 de
282 1047 450 1113 seoliornm
477 1047 655 1114 inventione
684 1047 736 1131 agi
765 1065 954 1129 quamquam
977 1065 1033 1131 pro
1057 1049 1142 1113 certo
1165 1049 1323 1115 affirmare
1346 1071 1410 1117 non

221 1160 307 1244 licet,
333 1161 440 1225 tamen
462 1158 550 1224 facili
572 1161 751 1225 coniectura
774 1160 959 1241 assequaris.

324 1269 384 1335 Sed
407 1269 434 1335 si
456 1271 560 1336 locum
575 1271 737 1336 Plutarchi
760 1271 938 1336 accuratius
961 1272 1196 1354 inspexerimus,
1220 1274 1408 1352 videbimus,

221 1402 293 1449 cum
321 1382 426 1448 omnia
447 1383 619 1464 Terpandri
647 1383 778 1448 inventa
807 1383 846 1448 ad
875 1382 1027 1448 musicam
1055 1385 1244 1465 pertineant,
1275 1388 1310 1450 ut
1331 1390 1405 1453 ueta

221 1495 344 1574 Dorica,
374 1495 460 1559 totus
488 1495 581 1559 tonus
604 1495 812 1578 myxolydius,
844 1497 955 1560 modus
983 1494 1104 1561 arthiae
1127 1496 1311 1574 cantilenae,
1339 1501 1405 1563 tro-

221 1608 338 1675 chaeus
360 1608 530 1684 scmautus,
555 1607 651 1672 etiam
670 1607 839 1672 scoliorum
861 1605 1074 1672 inventionem
1096 1607 1177 1672 nihil
1199 1608 1287 1673 aliud
1308 1609 1407 1693 signi-

221 1719 322 1803 ficare,
346 1738 442 1803 quam
457 1718 673 1803 Terpandrnm
696 1719 838 1784 carmina
860 1719 1033 1785 convivalia
1055 1719 1095 1785 ad
1117 1719 1261 1786 modulos
1282 1720 1407 1803 legibus

221 1833 349 1897 musicis
377 1831 523 1897 astrictos
549 1832 641 1914 atque
665 1830 705 1896 ad
728 1829 846 1896 barbiti
869 1849 982 1895 sonum
1004 1835 1131 1896 cantare
1154 1830 1303 1909 docuisse,
1333 1850 1406 1897 cum

221 1944 313 2010 antea
336 1943 509 2009 carminum
533 1942 732 2027 popularium
755 1943 859 2007 instar
880 1942 1082 2009 cantarentur
1104 1961 1173 2008 assa
1188 1944 1225 2008 ut
1238 1943 1286 2008 ita
1303 1943 1405 2010 dicam

221 2075 294 2122 voce
317 2056 404 2121 nullo
426 2057 637 2121 instrumento
661 2058 828 2125 accinente.

324 2168 412 2234 Haec
441 2167 470 2232 si
491 2167 597 2232 mente
618 2168 773 2244 tenemus,
804 2168 933 2250 apparet
955 2165 1114 2248 Ilgenium
1141 2184 1305 2249 perperam
1328 2169 1407 2233 Plu-

220 2280 319 2345 tarchi
328 2279 423 2346 verba
434 2279 676 2362 interpretatum
684 2297 761 2357 esse,
772 2297 844 2343 eum
849 2299 879 2361 p.
888 2277 1116 2342 CXLVlIhaec
1127 2278 1261 2344 diceret:
1276 2274 1409 2344 ‘caetea

220 2394 323 2474 μέλη,
351 2409 432 2473 quae
453 2392 609 2456 Pindarus
639 2391 810 2473 intellegit,
839 2390 913 2453 sunt
941 2389 1022 2453 nihil
1050 2389 1145 2469 aliud,
1176 2408 1272 2473 quam
1296 2394 1407 2455 cantus

218 2502 319 2585 lyrici,
348 2504 381 2566 et
403 2501 539 2567 celebrat
561 2502 728 2567 Thebanus
758 2504 844 2566 vates
867 2502 1085 2583 Terpandrum
1108 2502 1272 2584 tamquam
1296 2502 1407 2567 inven-

219 2617 321 2679 torem
341 2616 530 2698 μελοποιΐας
549 2609 675 2697 lyricae’
703 2613 756 2696 (of.
772 2613 868 2678 etiam
883 2633 913 2696 p.
932 2611 1105 2694 LXXVII).
1122 2612 1174 2677 sed
1191 2612 1225 2676 id
1247 2631 1308 2678 ncn
1328 2615 1406 2679 vitio

219 2725 406 2790 vertendum
428 2726 476 2790 est
498 2724 629 2808 llgenio‚
652 2725 680 2789 si
702 2728 884 2807 reputamus
906 2724 1038 2790 Pindari
1059 2722 1164 2789 locum
1187 2724 1216 2787 ei
1239 2723 1336 2790 fuisse
1357 2727 1407 2790 in·
1491 2765 1497 2782 ·

219 2836 388 2922 cognitum.
426 2856 519 2919 quem
549 2837 576 2901 si
605 2837 755 2914 novisset,
784 2840 866 2901 oerte
894 2854 957 2900 non
986 2837 1024 2901 de
1053 2836 1225 2918 melopoeia
1253 2837 1350 2920 lyrica
1373 2839 1406 2902 in

219 2950 410 3031 universnm,
433 2949 487 3013 sed
511 2950 549 3012 de
572 2948 764 3014 carminibus
788 2948 1004 3014 convivalibus
1027 2947 1079 3031 agi
1101 2947 1318 3014 intellexisset.

323 3060 406 3126 Satis
429 3061 539 3126 notum
562 3060 665 3126 autem
684 3078 751 3125 esse
772 3065 860 3143 puto,
885 3061 959 3142 quid
976 3059 1036 3125 sibi
1051 3060 1154 3125 velint
1176 3062 1297 3125 veteres
1322 3060 1403 3153 hunc

218 3172 349 3238 illumve
363 3175 490 3256 poetam
505 3173 607 3256 poesis
622 3174 778 3255 quoddam
794 3191 893 3255 genus
913 3173 1071 3237 invenisse
1086 3172 1268 3237 referentes.
1286 3171 1405 3234 etenim

219 3283 273 3367 qui
296 3283 369 3348 huic
390 3286 490 3366 poesis
512 3283 619 3366 generi
641 3284 713 3348 rudi
736 3285 830 3349 antea
849 3303 885 3348 ac
899 3285 1005 3348 minus
1021 3284 1145 3348 exculto
1160 3283 1280 3347 maiora
1295 3282 1406 3347 attulit

218 3397 412 3462 incrementa
433 3395 615 3478 primusque
636 3396 669 3460 id
692 3397 744 3461 vel
765 3396 805 3461 ad
827 3396 904 3461 artis
926 3397 1090 3477 praecepta
1112 3395 1271 3460 revocavit
1293 3394 1344 3458 vel
1366 3398 1405 3458 ab

141 3574 144 3579 .
218 3507 290 3573 aliis
317 3507 465 3591 gentibus
495 3510 660 3591 acceptum
689 3508 723 3572 in
751 3507 888 3590 patriam
913 3508 1096 3582 introduxit,
1126 3507 1167 3571 ad
1190 3525 1262 3570 eum
1285 3506 1405 3570 deferre

218 3619 364 3686 solebant
386 3622 508 3684 veteres
530 3618 670 3684 eiusdem
692 3619 737 3684 rei
759 3619 981 3684 inventionem.
1012 3619 1107 3700 atque
1129 3619 1176 3683 ita
1197 3617 1266 3683 fieri
1289 3619 1402 3701 potuit,

149 3727 152 3732 ’
218 3735 255 3798 ut
270 3731 447 3813 Terpander
463 3730 557 3795 scolia
571 3731 728 3796 invenisse
750 3730 969 3815 perhiberetur
984 3749 1003 3795 a
1017 3729 1189 3809 veteribus,
1212 3746 1402 3813 quamquam

218 3844 305 3910 omni
333 3844 427 3909 dubio
455 3847 503 3908 est
531 3844 634 3908 maius
657 3844 737 3910 tales
760 3846 870 3910 breves
894 3842 1068 3908 cantilenas
1092 3842 1272 3908 convivales
1294 3842 1329 3905 iu
1350 3856 1402 3902 ore

218 3955 383 4022 hominum
410 3954 506 4020 fuisse
539 3958 679 4021 versatas
701 3956 765 4022 iam
788 3956 879 4038 longe
902 3955 975 4019 ante
997 3955 1225 4038 Terpandrum,
1248 3953 1304 4018 sed
1327 3950 1404 4017 arti-

220 4068 373 4134 ficiosiore
395 4067 619 4151 compositione
642 4067 761 4134 musica
784 4067 958 4133 carminum
971 4068 1170 4151 popularium
1192 4066 1293 4130 instar
1315 4083 1403 4148 pror·

219 4197 270 4244 sus
294 4179 440 4245 caruisse.
478 4197 554 4243 nam
575 4179 767 4246 carminibus
791 4179 887 4244 etiam
909 4180 942 4245 in
960 4179 1112 4246 conviviis
1134 4179 1198 4243 ianr
1220 4175 1403 4258 antiquissi-

218 4293 280 4357 mis
310 4290 504 4374 temporibus
532 4309 604 4356 usos
635 4309 702 4357 esse
726 4290 860 4357 Graecos
888 4294 925 4356 ut
947 4291 1041 4356 facile
1063 4288 1230 4373 suspiceris
1253 4287 1286 4352 in
1309 4291 1402 4372 gente
