3120 4966
413 1349 494 1461 IV.
532 1349 602 1461 lle
638 1347 908 1461 scoliorum
946 1348 1119 1486 poetis.

276 1691 438 1789 Quoniam
462 1717 500 1781 de
525 1719 690 1784 scoliorum
714 1717 843 1802 origine,
868 1719 1004 1795 nomine,
1028 1719 1060 1784 vi
1082 1738 1118 1784 ao
1142 1720 1258 1783 natura
1279 1715 1360 1783 satis

170 1847 324 1914 superque
353 1828 474 1894 dictum
504 1847 570 1894 esse
593 1834 678 1912 puto,
710 1831 819 1899 restat.
845 1832 880 1894 ut
902 1830 990 1895 brevi
1013 1830 1239 1915 inconspectu
1262 1847 1358 1914 pona·

172 1959 241 2005 mus
271 1943 396 2007 nomina
424 1960 542 2019 eorum,
573 1944 626 2024 qui
656 1942 778 2022 praeter
808 1948 926 2008 ceteros
955 1943 1016 2008 hoc
1045 1942 1149 2028 poesis
1179 1960 1278 2027 genus
1306 1960 1360 2006 ex·

173 2052 307 2118 coluisse
330 2055 500 2118 traduntur
522 2073 541 2119 a
564 2055 723 2120 veteribus
747 2055 960 2137 scriptoribus.
985 2056 1038 2120 sed
1063 2055 1253 2136 comeriis,
1277 2073 1358 2136 quae

171 2183 265 2246 supra
293 2165 535 2246 disputavimus,
570 2172 729 2251 appareat,
764 2186 860 2250 quam
886 2186 997 2250 parurn
1029 2168 1209 2232 accuratam
1238 2170 1360 2232 ueteres

171 2274 371 2362 grammatici
393 2274 454 2358 ipsi
477 2276 643 2342 scoliorum
665 2280 765 2360 poesis
790 2279 958 2345 habuerint
981 2279 1139 2358 notitiam,
1162 2296 1223 2343 non
1241 2278 1360 2344 sufficit

172 2409 349 2457 enumerare
372 2396 534 2475 poetarum
558 2391 685 2456 nomina
702 2390 893 2455 crateribus
917 2391 1045 2467 tradita,
1069 2391 1123 2455 sed
1145 2390 1178 2455 id
1200 2407 1276 2473 opus
1293 2408 1359 2455 esse

173 2501 304 2585 videtur,
328 2510 363 2569 ut
387 2504 555 2588 diligenter
577 2503 782 2586 inquiramus,
807 2521 866 2585 quo
889 2503 957 2568 iure
979 2505 1012 2567 et
1028 2503 1142 2585 quibus
1166 2502 1270 2568 causis
1286 2522 1359 2586 per·

171 2614 249 2679 moti
272 2618 485 2699 grammatici,
510 2615 624 2698 quibus
639 2616 698 2681 hac
713 2615 745 2680 in
762 2635 795 2680 re
811 2615 932 2680 utimur
953 2614 1097 2692 testibus,
1120 2615 1205 2679 hunc
1226 2615 1358 2679 illumve

171 2728 297 2807 poetam
320 2729 415 2793 scolia
439 2730 649 2810 composuisse
672 2727 900 2793 contenderint.
930 2727 1050 2792 accedit
1079 2727 1160 2808 quod
1189 2744 1302 2809 magna
1326 2727 1359 2791 in

172 2855 208 2901 ea
230 2858 264 2902 re
286 2840 465 2905 laboramus
490 2838 619 2904 testium
642 2839 811 2922 paucitate,
835 2857 931 2920 quam
947 2840 985 2904 ob
1001 2858 1069 2902 rem
1092 2838 1271 2903 mirandum
1296 2856 1357 2903 non

171 2953 219 3013 est
241 2952 415 3032 complures
440 2954 547 3034 poetas
571 2951 707 3035 melicos,
732 2951 785 3033 qui
808 2951 875 3016 sine
898 2950 994 3015 dubio
1018 2951 1084 3015 eius
1109 2950 1194 3015 modi
1216 2951 1359 3015 carmina
1446 3025 1449 3031 .

172 3065 423 3143 composuerunt,
453 3062 486 3127 in
516 3082 623 3128 eorum
648 3081 788 3148 numero,
819 3062 873 3146 qui
903 3065 1186 3127 commemorantur
1208 3080 1227 3127 a
1249 3079 1358 3144 gram·

170 3174 302 3254 maticis,
338 3193 399 3239 non
429 3173 576 3258 reperiri3
612 3173 691 3238 mibi
722 3192 793 3239 vero
824 3175 862 3239 de
891 3174 941 3239 his
972 3173 1078 3251 etiam,
1114 3191 1192 3254 quae
1221 3175 1260 3238 ad
1291 3191 1358 3237 rem

170 3283 301 3364 faciunt,
326 3287 508 3369 exponenda
530 3306 595 3352 esse
618 3285 817 3352 videbantur.
850 3286 960 3351 contra
983 3286 1010 3350 si
1032 3285 1212 3350 memineris
1236 3288 1359 3350 veteres

170 3395 266 3460 etiam
290 3416 397 3463 versus
420 3400 575 3481 elegiacos
599 3416 654 3479 pro
676 3397 780 3463 scoliis
797 3397 985 3480 vendidisse,
1008 3400 1045 3462 ut
1062 3399 1184 3461 taceam
1202 3396 1241 3461 de
1259 3397 1358 3480 parti·

171 3507 229 3572 bus
252 3509 374 3574 selectis
398 3530 414 3574 e
433 3510 613 3593 tragoediis,
637 3528 717 3592 quae
740 3528 817 3574 num
840 3528 950 3575 revera
973 3507 1154 3592 appellatae
1170 3508 1235 3573 sint
1252 3508 1357 3587 scolia,

171 3620 220 3683 vel
242 3619 377 3686 manime
401 3621 540 3688 dubitari
556 3622 670 3704 potest,
695 3639 809 3704 magno
825 3639 917 3703 opere
934 3622 1106 3686 verendum
1123 3623 1179 3699 est,
1205 3639 1242 3686 ne
1257 3620 1358 3687 iustos

169 3731 244 3797 lines
269 3733 536 3817 transgrediamur
559 3752 635 3798 nove
659 3736 767 3816 poetae
791 3732 920 3799 cuilibet
943 3734 1039 3798 scolia
1062 3734 1263 3815 imputemus.
1295 3731 1359 3797 ita·

172 3860 230 3924 que
252 3842 348 3908 liceat
370 3845 449 3909 mihi
463 3847 570 3928 paucis
585 3846 760 3928 explicare,
774 3863 834 3926 quo
849 3846 941 3910 modo
956 3844 1124 3910 scoliorum
1140 3845 1240 3928 poesis
1256 3843 1357 3909 histo·

172 3953 251 4019 riam
276 3954 411 4021 scribere
433 3956 466 4020 in
489 3957 632 4021 animum
654 3957 839 4023 induxerim.

273 4067 445 4132 Scoliorum
473 4067 593 4149 poesim
624 4068 715 4132 initio
747 4068 846 4132 fuisse
876 4069 1038 4134 Aeolicam
1067 4071 1175 4133 uotum
1207 4073 1264 4132 est.
1296 4085 1358 4149 qua

172 4176 209 4240 de
237 4197 270 4242 re
298 4178 497 4260 exposuimus
526 4196 561 4242 eo
593 4180 670 4257 loco,
700 4198 760 4262 quo
784 4180 821 4245 de
844 4179 1010 4245 scoliorum
1035 4179 1155 4261 origine
1180 4184 1211 4242 et
1233 4180 1357 4243 nomine

170 4285 412 4369 disputavimus.
436 4308 536 4371 nequo
552 4290 656 4356 minus
671 4295 782 4355 notum
804 4292 854 4355 est
868 4293 976 4374 postea
998 4310 1058 4355 non
1083 4293 1184 4356 solum
1202 4292 1357 4372 Aeolicos,
