3120 4966
685 319 895 384 ,64-

189 507 360 580 Λνσανίας
382 502 411 566 δ’
428 502 523 590 ἐντῷ
542 506 661 591 πρώτῳ
676 506 751 588 περὶ
768 506 974 587 ἰαμβοποιῶν
989 511 1178 574 Μνασίωνα
1194 512 1251 575 τὸν
1267 511 1379 598 ῥαψῳ-

189 618 250 681 δὸν
272 619 358 699 λέγει
381 616 418 680 ἐν
439 625 509 692 ταῖς
532 614 651 692 δείξεσι
672 626 740 680 τῶν
754 617 949 699 Σιμωνίδου
976 621 1069 696 τινας
1091 619 1221 704 ἰάμβων
1243 624 1379 708 ὑποκρί-

188 734 317 793 νεσθαι.
349 730 379 793 ct
398 727 441 792 ib.
457 727 536 792 XIV
553 728 615 793 619
631 728 673 793 B:
698 723 818 813 ᾔδοντο
841 729 878 792 δὲ
896 725 1058 814 Ἀθήνησι
1072 734 1128 796 καί
1144 735 1176 797 οἱ
1194 735 1378 817 Χαρώνδου

188 842 287 926 νόμοι
308 845 386 925 παρ’
410 837 521 921 οἶνον,
550 840 594 916 ὡς
607 837 792 925 Ἕρμιππός
814 858 918 926 φησιν
947 842 984 907 ἐν
1007 848 1051 931 τῷ
1075 844 1157 928 ἕκτῳ
1179 848 1255 928 περὶ
1277 869 1377 930 νομο-

188 950 360 1034 cerovffl).

186 1145 189 1149 ἱ
294 1064 415 1144 Quibus
449 1083 486 1127 cx
519 1063 593 1128 locis
628 1063 767 1129 videmus
801 1063 897 1128 etiam
936 1066 1077 1131 carmina
1113 1066 1259 1147 elegiaca,
1297 1069 1377 1134 iam-

187 1174 275 1255 bica,
305 1176 369 1241 alia
389 1176 482 1257 iustis
505 1175 641 1240 modulis
665 1176 832 1242 decantata
855 1194 921 1241 esse
943 1177 977 1241 in
999 1170 1179 1262 symposiim
1210 1198 1288 1261 quae
1312 1199 1378 1246 car·

188 1285 274 1352 mina
289 1286 383 1352 scolia
398 1306 632 1370 nonnumquam
652 1289 810 1370 appellata
832 1309 898 1354 csse
915 1288 1005 1354 testis
1029 1295 1076 1354 est
1096 1292 1228 1357 scolium
1243 1292 1378 1359 XXVII.

188 1402 273 1464 recte
300 1399 399 1482 igitur
427 1400 540 1465 statuit
559 1399 704 1465 Wclcker
731 1400 895 1466 affirmans
924 1402 1020 1467 etiam
1042 1403 1074 1467 in
1093 1403 1284 1488 Theognidis
1308 1423 1377 1471 car·

189 1510 348 1589 minibus,⁴
361 1511 467 1593 qualia
482 1530 565 1576 nuno
581 1512 740 1590 habemus,
764 1513 866 1577 inesse
882 1511 1040 1595 scoliaffl).
1068 1513 1140 1595 apte
1165 1513 1249 1580 onim
1271 1518 1377 1600 partes

192 1623 346 1704 quaedam
370 1624 502 1689 selectae
532 1643 547 1688 e
573 1625 682 1706 poetae
704 1623 899 1707 Megarensis
923 1624 1032 1708 elegiis
1066 1627 1134 1690 cani
1167 1628 1312 1709 poterant
1343 1628 1378 1693 in

193 1734 344 1800 conviviis
367 1736 419 1817 (cf.
437 1735 585 1801 Welcker
608 1736 639 1800 iu
663 1736 801 1820 prolegg.
824 1736 862 1800 ad
878 1737 1014 1819 Theogn.
1035 1737 1110 1803 edit.
1126 1758 1156 1821 p.
1171 1736 1288 1804 XCVI]
1303 1741 1378 1822 sq).

193 1865 230 1911 ac
253 1848 291 1911 de
314 1848 508 1930 symposiaca
542 1849 642 1930 elegia
673 1850 864 1934 scripserunt
894 1851 944 1914 Fr.
969 1849 1076 1914 Osann
1104 1851 1137 1914 in
1161 1848 1299 1934 Symbol.
1335 1852 1375 1916 ad

192 1959 303 2026 histor.
328 1961 392 2026 litt.
409 1960 517 2026 Gnaeo.
542 1962 574 2025 et
596 1961 699 2026 naal
721 1981 751 2043 p.
769 1961 810 2026 38
833 1981 899 2044 sqq.
924 1964 955 2024 et
978 1961 1078 2026 Nicol.
1102 1962 1189 2026 Bach
1207 1957 1268 2027 ‘De
1291 1981 1375 2046 sym-

192 2073 319 2154 posiaca
342 2072 530 2139 Graecorum
560 2071 670 2156 elegia’
698 2072 731 2137 in
759 2076 991 2157 programmate
1014 2072 1163 2137 Fuldensi
1189 2072 1280 2156 1837,
1311 2073 1375 2156 qui,

183 2170 380 2268 'quamquam
409 2185 489 2250 nihii
517 2186 678 2250 conferunt
706 2185 745 2249 ad
768 2187 908 2249 nostram
930 2203 1014 2263 rem,
1049 2184 1154 2248 tamen
1187 2185 1221 2249 in
1244 2203 1278 2249 eo
1301 2203 1376 2251 con·

187 2297 339 2377 sentiunt,
365 2298 447 2379 quod
470 2298 565 2362 scolia
588 2299 666 2379 ipsa,
689 2314 881 2379 quamquam
904 2297 1026 2378 proprie
1041 2296 1080 2360 ad
1095 2295 1260 2360 Aeolicum
1278 2301 1376 2380 μέλος

187 2409 374 2488 referantur,
391 2412 498 2474 tamen
514 2426 749 2491 nonnumquam
765 2410 935 2491 elegiacam
952 2426 1073 2490 quoque
1088 2408 1225 2473 induisse
1234 2407 1371 2474 formam

188 2523 341 2586 statuunt.
365 2539 443 2604 quae
472 2539 544 2585 cnm
566 2521 612 2585 ita
630 2523 703 2598 sint,
720 2520 783 2585 iarn
808 2519 940 2584 dubium
964 2538 1024 2584 non
1048 2537 1114 2584 esse
1137 2518 1270 2595 uidetur,
1294 2519 1371 2603 quin

187 2652 293 2699 omnes
316 2634 390 2698 illae
413 2634 523 2698 breves
547 2633 723 2698 cantilenae
747 2630 943 2711 convivaleS,
974 2648 1052 2713 quae
1074 2633 1211 2713 primum
1235 2633 1274 2697 ab
1290 2632 1373 2697 Aeo·

187 2747 270 2811 libus
294 2747 436 2811 excultae
458 2749 567 2830 postea
590 2746 732 2810 acetaris
755 2763 876 2828 quoque
895 2743 1043 2828 gentibus
1061 2742 1187 2808 Graccis
1210 2746 1374 2810 adamatae

85 2904 90 2941 p
185 2859 268 2942 sunt,
293 2859 390 2923 scolia
412 2859 476 2924 sint
499 2857 642 2923 habenda
665 2860 697 2922 ct
718 2855 913 2940 appellanda.

87 2951 91 2963 ’
288 2971 343 3044 At,
367 2972 449 3035 dicat
473 2969 604 3052 aliquis,
628 2971 702 3050 quid
726 2971 763 3032 dc
785 2967 970 3032 Dicaearchi
990 2964 1147 3031 sententia
1168 2966 1372 3033 iudicandum

187 3085 257 3147 est?
287 3102 363 3146 num
385 3085 421 3146 tu
443 3084 553 3147 fictum
577 3101 644 3146 esse
668 3079 799 3164 statuis,
834 3081 917 3161 quod
939 3078 994 3144 illo
1019 3080 1056 3143 dc
1079 3079 1183 3145 scoliis
1207 3099 1225 3144 a
1247 3079 1374 3162 peritis·

186 3195 266 3258 simo
289 3211 409 3276 quoquo
432 3195 519 3259 nullo
542 3193 660 3259 ordinis
678 3194 818 3274 respectu
841 3192 950 3256 habito
973 3193 1107 3256 cantatis
1131 3189 1233 3255 dixit?
1256 3209 1373 3273 nequa·

187 3324 293 3388 quam,
316 3305 370 3369 sed
392 3305 569 3387 putaverim
593 3303 776 3370 Dicaearchi
800 3302 1041 3385 explicationem
1065 3305 1103 3367 ad
1126 3301 1299 3383 posteriora
1322 3322 1371 3369 re·

287 3547 318 3616 aa)
338 3547 372 3603 cf.
391 3546 466 3602 Plut.
484 3546 516 3600 dc
534 3562 602 3600 mus.
621 3551 651 3599 8:
674 3543 703 3597 ἐν
727 3543 796 3613 ἀρχῇ
819 3541 920 3610 ἐλεγεῖα
942 3540 1175 3610 μεμελοποιημένα
1200 3540 1228 3594 οἰ
1251 3540 1372 3612 αὐλῳδοὶ

183 3634 254 3712 ᾖδον
271 3644 299 3695 ct
317 3641 433 3710 Theogn.
453 3658 478 3694 v.
497 3646 547 3694 239
567 3656 639 3710 sqq:

391 3795 478 3807 .....
491 3755 592 3824 δοίνῃς
609 3751 639 3806 δὲ
657 3753 704 3806 καὶ
721 3751 875 3821 εἰλαπίνῃσι
892 3749 1014 3819 παρέσσῃ

442 3847 471 3902 ἐν
489 3851 599 3916 πάσαις,
618 3850 726 3901 πολλῶν
743 3847 867 3914 κείμενος
885 3843 914 3898 ἐν
933 3843 1071 3912 στόμασιν.

389 3945 436 3996 καί
454 3962 483 3996 σε
502 3942 552 3996 σὺν
570 3941 720 3995 αὐλίσκοισι
737 3938 933 4008 λιγνφθόγγοις
949 3938 1008 3992 νέοι
1025 3938 1123 4008 ἄνδρες

443 4036 583 4105 εὐκόσμως
601 4033 692 4104 ἐρατοὶ
710 4035 779 4088 καλά
797 4052 826 4087 τε
844 4034 890 4087 καὶ
910 4032 984 4102 λιγέα

387 4127 511 4202 ᾄσονται.

287 4240 317 4304 ³³)
336 4239 376 4294 De
399 4237 565 4308 Theognidis
589 4237 677 4291 scoliis
700 4235 820 4289 conferas
847 4234 938 4300 etiam,
966 4248 1034 4302 quae
1061 4229 1214 4302 disputavit
1241 4229 1367 4297 Leutsch,

182 4336 280 4392 rarior.
299 4335 376 4389 xxx
394 4351 419 4403 p.
437 4339 496 4388 218.
