3120 4966
692 329 905 393 ...15-

201 519 369 607 cogitatis,
405 519 444 583 ad
474 536 549 599 quas
579 516 771 582 canebantur
799 515 902 580 scolia.
950 514 1072 579 dicebat
1101 513 1208 576 autem
1239 513 1394 578 Pindarus

205 631 382 699 de‘fidibus
405 628 609 714 Terpandreis
633 631 664 692 et
686 627 795 711 Lydiis
818 625 985 704 conviviis,
1020 624 1102 707 quod
1131 624 1165 688 in
1189 626 1332 690 convivio
1354 624 1394 688 ad

209 744 289 809 fides
311 742 409 826 Lydio
431 741 523 806 modo
546 740 772 821 attemperatas
800 738 933 802 acolium
962 736 1043 801 illud
1066 732 1255 801 canebatur.
1301 738 1395 819 atque

208 856 291 920 idem
320 854 358 932 ii,
388 853 441 935 001
463 853 535 918 inde
557 870 575 916 a
599 850 757 916 Boeckhio
780 833 910 914 Pindari
938 848 1116 932 fragmenta
1146 846 1393 925 illustraverunt,

209 964 386 1030 statuerunt
423 963 477 1047 (cf.
512 963 634 1046 Bergk,
672 962 788 1026 Poetae
815 962 874 1045 lyr.
918 959 971 1026 Gr.
1006 958 1038 1026 1⁴
1070 961 1159 1041 424).
1216 958 1269 1023 sed
1307 958 1394 1040 oqui·

206 1079 276 1142 dem
299 1076 336 1141 de
358 1075 424 1141 illie
446 1075 587 1140 versibus
609 1074 705 1156 paulo
722 1075 814 1139 aliter
830 1073 1034 1138 indicandum
1051 1091 1118 1137 esse
1135 1088 1253 1136 censeo.
1277 1069 1396 1135 etenim

209 1187 304 1253 verba
325 1187 362 1252 ἐν
384 1189 549 1252 δείπνοισι
571 1187 696 1250 Λυδῶν
724 1204 786 1250 000
815 1184 996 1267 significant
1020 1182 1115 1247 soolia
1137 1183 1176 1247 ad
1198 1182 1274 1248 fides
1296 1182 1395 1264 Lydio

205 1299 297 1365 modo
321 1300 547 1381 attemperatas
570 1300 792 1375 contabesco,
816 1296 871 1360 sed
886 1295 1027 1360 indicant
1042 1294 1255 1376 Terpandrum
1271 1291 1305 1357 in
1322 1310 1395 1357 con·

180 1454 184 1464 -
208 1411 301 1474 viriis
324 1410 431 1492 Lydiis
455 1411 592 1474 carmina
616 1409 790 1473 convivalia
812 1408 850 1473 ad
873 1407 1007 1491 pectidis
1030 1424 1143 1472 sonum
1166 1408 1291 1470 cantata
1306 1404 1396 1470 audi-

207 1522 298 1586 visse.
322 1522 355 1586 et
370 1538 431 1603 quo
447 1539 560 1604 quaeso
577 1521 707 1585 consilio
729 1523 822 1602 poeta
845 1520 878 1585 id
901 1519 934 1583 in
957 1519 1052 1585 scolio
1075 1519 1131 1583 illo
1154 1536 1397 1583 commemorare

203 1634 320 1715 potuit,
344 1633 405 1696 uisi
421 1651 466 1708 eo,
489 1635 525 1696 01
540 1631 667 1697 adderet
683 1631 722 1695 ad
738 1630 923 1708 carminum,
941 1630 1053 1712 quibus
1075 1632 1246 1695 utebantur
1261 1630 1342 1714 Lydi
1362 1630 1396 1694 in

206 1743 369 1822 conviviis,
381 1743 783 1825 analogiamTerpandrum
796 1741 836 1805 ad
846 1742 961 1806 barbiti
973 1742 1064 1806 modo
1076 1744 1316 1807 inuentisonum
1326 1760 1394 1806 car·
1445 1811 1448 1817 ,

204 1854 292 1920 mina
304 1855 481 1921 convivalia
496 1855 516 1919 i.
532 1874 558 1919 0.
575 1857 692 1919 σκολιὰ
704 1858 784 1936 μέλη
797 1853 978 1935 pepigisse?
1000 1853 1105 1936 itaque
1119 1854 1322 1919 concedamus
1338 1872 1395 1918 ne·

207 1985 291 2031 00000
315 1971 364 2030 001
378 1965 552 2031 Pindarum
574 1967 607 2030 iu
630 1965 784 2043 versibus,
811 1965 865 2047 001
887 1965 945 2029 hos
967 1965 1178 2046 sequebantur
1199 1967 1315 2047 quique
1330 1982 1395 2029 sor-

210 2077 277 2139 0011
301 2095 362 2141 000
386 2079 470 2156 0001,
494 2077 606 2142 dixisse
630 2076 864 2159 Terpandrum,
889 2095 959 2140 cum
984 2076 1139 2141 citharam
1160 2080 1212 2140 vel
1234 2077 1396 2142 barbitum

208 2206 306 2251 renum
331 2188 479 2270 diapason
503 2188 765 2270 complectentem
794 2187 982 2266 invenisset,
1016 2188 1154 2270 primum
1178 2190 1294 2252 σκολιὰ
1316 2191 1395 2272 μέλη

211 2317 320 2363 000000
349 2299 485 2382 aLydis
515 2300 659 2364 edoctum
693 2318 769 2364 0000.
815 2318 915 2380 00000
944 2300 1028 2364 00110
1056 2301 1123 2364 0100
1147 2300 1276 2364 00001110
1301 2301 1397 2365 verba

211 2410 248 2472 ἐν
271 2411 435 2475 δείπνοισι
456 2411 559 2493 posita
581 2411 672 2494 0001,
696 2430 775 2493 quae
798 2414 927 2493 prodere
950 2412 1098 2476 videntur
1120 2416 1246 2494 poetam
1269 2414 1301 2476 10
1326 2430 1396 2477 uer-

213 2520 298 2587 sibus
322 2523 524 2604 sequentibus
545 2522 584 2587 de
606 2522 797 2588 carminibus
820 2522 1036 2588 convivalibus
1059 2524 1250 2588 mentionem
1274 2523 1395 2608 1001000,

213 2633 244 2698 id
267 2633 349 2715 quod
373 2650 408 2698 oo
430 2635 498 2699 veri
520 2633 656 2699 similius
679 2638 743 2715 est,
779 2634 860 2715 quod
882 2653 987 2699 versus
1011 2634 1150 2699 serratos
1180 2653 1197 2698 0
1226 2635 1320 2700 acolio
1343 2635 1397 2700 de·

107 2774 110 2781 ·
208 2746 369 2828 promptos
400 2764 468 2811 esse
497 2765 592 2828 snpra
621 2747 766 2811 diximus.
813 2746 934 2811 accedit
962 2747 1094 2828 denique
1116 2746 1280 2811 Plutarchi
1303 2748 1396 2812 testi·

209 2859 350 2921 monium
383 2857 467 2923 haud
501 2859 721 2940 spernendum.
767 2876 841 2921 nam
868 2877 950 2922 unus
980 2859 1012 2921 et
1040 2859 1125 2923 solus
1156 2857 1243 2935 lons,
1278 2877 1396 2942 01000

211 2970 437 3035 accuratiorem
466 2971 504 3034 de
534 2970 612 3033 artis
644 2972 783 3034 musicae
814 2969 897 3050 apud
920 2969 1056 3035 Graecos
1086 2969 1216 3034 historia
1249 2971 1398 3037 notitiam

206 3081 361 3161 petamus,
387 3081 437 3145 est
458 3080 514 3145 ille
536 3083 573 3145 de
596 3083 719 3145 musica
741 3081 896 3162 dialogus,
921 3100 981 3164 quo
998 3082 1187 3147 Plutarchus
1209 3081 1277 3147 0100
1298 3083 1397 3147 histo·

206 3191 287 3255 riam
316 3190 387 3257 inde
415 3195 454 3258 ab
479 3192 663 3274 Amphionis
692 3193 895 3274 temporibus,
928 3196 981 3275 qui
1014 3212 1050 3257 ex
1074 3194 1251 3258 Heraclidis
1273 3195 1398 3260 Pontici

207 3303 364 3368 sententia
398 3304 554 3370 citharam
588 3303 744 3369 invenisse
778 3304 888 3385 fertur,
924 3305 1101 3388 explicavit.
1140 3305 1257 3371 librum
1291 3311 1396 3370 autem

208 3410 299 3478 illum
315 3415 503 3480 Plutarchus
527 3433 562 3480 eo
586 3416 762 3499 composuit
785 3417 921 3495 consilio,
945 3422 980 3481 ut
1004 3435 1066 3482 non
1089 3417 1165 3499 quid
1183 3418 1250 3499 ipse
1266 3418 1397 3483 sentiret

209 3524 241 3587 in
261 3527 400 3591 medium
422 3528 586 3609 proferret,
610 3528 664 3592 sed
689 3527 862 3592 sententias
883 3529 1027 3593 veterum
1050 3531 1239 3610 scriptorum
1261 3532 1398 3595 maxima

208 3653 269 3717 qua
299 3641 403 3720 posset
436 3658 509 3704 usus
543 3639 708 3719 diligentia
741 3642 931 3724 congereret.
978 3643 1059 3723 quod
1093 3643 1213 3724 quanta
1245 3641 1396 3725 religione

206 3747 316 3813 1000011
349 3749 491 3832 scriptor,
527 3749 666 3814 ostendit
698 3751 735 3816 R.
760 3751 927 3835 Westphal
961 3754 992 3817 in
1026 3751 1119 3831 libro,
1155 3755 1205 3818 oui
1239 3753 1397 3839 inscripsit

200 3854 370 3926 ‘Plutarch
399 3863 475 3926 dher
503 3863 553 3927 die
581 3860 699 3928 Musik'
729 3864 953 3948 (Vratislaviae
979 3865 1087 3946 1865).
1124 3885 1161 3930 ex
1190 3866 1397 3950 quadraginta

207 3973 292 4036 enim
315 3973 481 4055 capitibus,
506 3974 540 4037 in
562 3992 642 4056 quae
664 3974 737 4039 inde
755 3994 774 4039 a
789 3975 1036 4058 wyttenbachio
1052 3977 1195 4058 dialogus
1217 3977 1273 4041 ille
1297 3977 1395 4042 dividi

199 4085 297 4165 solet,
320 4084 574 4168 quattuordecim
596 4085 787 4150 Plutarchus
809 4088 876 4170 ipse
900 4088 1045 4166 confecit,
1077 4091 1181 4152 cetera
1203 4087 1242 4151 ad
1265 4089 1396 4154 uerbum

205 4196 270 4262 fere
285 4196 423 4276 aliunde,
446 4196 605 4281 inprimis
621 4217 659 4262 ex
674 4198 855 4265 Aristoxeni
871 4203 902 4265 et
918 4200 1094 4264 Heraclidis
1111 4196 1236 4263 Pontici
1252 4201 1396 4281 operibus

207 4309 399 4392 deprompsit
424 4310 460 4392 (1.
482 4327 510 4374 0.
533 4330 562 4393 p.
584 4310 651 4392 26).
675 4313 769 4394 atque
791 4311 889 4377 etiam
911 4313 1015 4394 capita
1037 4311 1175 4390 28-31,
1206 4311 1320 4393 quibus
1343 4336 1395 4382 ex·
