3120 4966
692 312 904 377 ..23-

206 507 250 584 ώς
272 506 302 570 δ’
322 502 546 591 Ἀριστόξενος
560 505 616 567 καὶ
634 505 758 578 Φάλλις
776 504 905 585 (Φίλων
920 500 1016 566 schol.
1032 500 1106 564 Luc.
1126 498 1394 582 ΦίληςΡ1101100)

203 619 221 682 δ
238 620 409 702 μουσικός,
432 618 484 682 ὅτι
499 615 535 680 έν
550 625 619 692 τοῖς
632 617 751 698 γάμοις
765 615 841 698 περὶ
862 615 943 696 μίαν
964 614 1126 698 τράπεζαν
1140 612 1264 687 πολλὰς
1278 614 1395 688 κλίνας
1429 592 1435 602 ’

201 733 350 806 τιθέντες
382 731 473 812 παρὰ
502 730 601 812 μέρος
630 724 703 809 ἑξῆς
730 727 895 809 μυρρίνας
921 725 1051 810 ἔχοντες
1080 725 1112 808 (ἢ
1142 723 1273 806 δάφνας
1301 723 1393 788 addit

200 841 297 908 schol.
319 840 418 924 Plau.)
447 829 533 927 ᾖδον
558 840 693 923 γνώμας
715 841 771 902 καὶ
793 836 934 922 ἐρωτικὰ
956 839 1104 901 σύντονα
1124 834 1315 920 (συμπσεια
1336 853 1392 900 ex·

201 952 290 1018 hibet
312 953 411 1017 schol.
433 951 542 1032 Placa-
565 949 585 1032 ἡ
609 951 646 1014 δὲ
667 950 823 1033 περίοδος
844 950 961 1013 σκολιά
982 947 1108 1031 ἐγίνετο
1131 948 1187 1011 διὰ
1209 946 1270 1029 την
1291 948 1392 1012 θέσιν

205 1067 379 1147 (σύνθεσιν
401 1057 498 1128 schol.
521 1061 622 1145 Plat.)
650 1071 718 1125 τών
747 1063 870 1124 κλινῶν
900 1057 1052 1143 (σκολιάν
1080 1058 1169 1124 addit
1193 1057 1291 1124 schol.
1314 1057 1391 1122 Ari·

202 1173 330 1258 stopa).
353 1176 429 1241 haec
452 1174 552 1259 igitur
568 1172 663 1240 verba
678 1192 785 1238 omnes
801 1172 929 1255 habent,
952 1172 1125 1254 pleniorem
1142 1169 1388 1236 0010000010-

201 1287 271 1353 0001
292 1288 482 1353 sententiam
503 1305 586 1351 unus
609 1285 782 1352 servavisse
803 1285 931 1350 videtur
953 1284 1094 1350 Platonis
1123 1282 1301 1362 0010110010,
1326 1280 1391 1365 001

200 1399 278 1465 haec
300 1398 432 1464 adiecit:
462 1398 517 1463 ἐπὶ
538 1400 727 1481 οἰκημάτων
748 1400 967 1481 πολυγυνίων
989 1398 1103 1462 οὐσῶν
1124 1397 1180 1460 καλ
1201 1399 1309 1484 τούτῳ
1331 1397 1389 1459 καί

197 1513 256 1587 τὰς
279 1509 328 1575 ἐπ’
352 1512 456 1588 αὐτὰς
483 1513 690 1586 κατακλίσεις
717 1511 955 1595 παραβύστους
982 1512 1150 1592 γενέσθαι.
1181 1509 1223 1572 οὐ
1246 1509 1302 1571 διὰ
1324 1507 1389 1589 τὴν

198 1625 394 1708 μελοποιίαν
410 1615 483 1706 οὖν,
500 1622 556 1688 διά
571 1647 606 1691 τε
622 1625 682 1706 την
697 1633 755 1706 τῆς
769 1627 933 1708 μυρρίνης
948 1625 1085 1687 σκολιὰν
1100 1620 1264 1703 διάδοσιν,
1279 1622 1390 1703 ταύτῃ.

195 1738 251 1801 καλ
278 1739 337 1812 τὰς
365 1733 456 1824 ῳδδις
485 1737 620 1812 σκολιὰς
640 1738 825 1800 καλεῖσθαι.
855 1733 1061 1798 Aristoxenus
1083 1733 1183 1817 igitur
1205 1735 1236 1796 et
1258 1729 1385 1814 Phyllis

196 1848 352 1931 putabant
374 1846 471 1913 scolia
493 1846 567 1912 inde
591 1846 750 1929 appellata
771 1865 847 1926 0000,
872 1845 954 1928 quod
969 1844 1003 1909 in
1018 1844 1137 1926 nuptiis
1153 1843 1271 1909 circum
1286 1859 1388 1928 unam

195 1977 338 2023 mensam
361 1957 551 2023 exstructam
571 1960 605 2023 in
628 1958 783 2037 cenaculo,
806 1962 842 2023 ut
865 1957 1040 2040 11001000,
1063 1956 1263 2038 multangulo
1278 1953 1387 2037 plures

199 2069 425 2135 collocarentur
456 2069 567 2136 lectuli
596 2071 772 2135 convivales
804 2088 865 2135 non
894 2071 980 2134 recto
1008 2072 1103 2150 atque
1130 2066 1247 2132 usitato
1275 2066 1385 2132 ordine

197 2181 349 2262 dispositi,
372 2184 426 2248 sed
448 2183 495 2247 110
516 2185 552 2247 01
575 2182 694 2268 singuli
718 2183 828 2248 lectuli
850 2183 932 2248 inter
955 2201 987 2246 00
1010 2181 1135 2264 oblique
1157 2182 1263 2246 000001
1287 2177 1383 2242 collo-

195 2291 256 2357 cati
279 2293 513 2379 (πιιράβυστοι)
536 2296 633 2360 -id
656 2295 737 2378 quod
761 2294 898 2360 cubiculi
921 2295 1022 2360 forma
1044 2294 1244 2376 multangula
1274 2310 1383 2358 seeum

195 2403 314 2470 ferebat
338 2429 396 2471 -ι
425 2404 507 2470 hanc
534 2407 632 2487 igitur
660 2405 699 2471 ob
728 2404 919 2472 lectulorum
951 2405 1189 2471 collocationem
1223 2403 1383 2487 obliquam

193 2516 288 2581 etiam
311 2517 461 2595 carmina,
491 2537 570 2601 quae
591 2517 636 2582 ibi
657 2518 799 2583 vicissim
810 2516 847 2597 ¹⁴)
871 2520 926 2597 110,
953 2521 991 2583 01
1018 2517 1213 2584 alteralteri
1236 2516 1384 2600 deinceps

57 2686 60 2703 ,
191 2628 287 2711 myrti
325 2647 449 2692 ramum
487 2629 634 2708 traderet,
673 2629 800 2695 cantata
836 2634 952 2713 000001,
991 2629 1120 2713 obliqua
1156 2629 1178 2696 1.
1216 2649 1243 2694 0.
1282 2630 1381 2696 000110

190 2738 273 2804 dicta
291 2757 369 2805 0000.

294 2876 473 2942 Aristoxeni
511 2878 704 2944 sententiam
741 2881 933 2962 respexisse,
972 2880 1028 2946 sed
1067 2880 1150 2944 male
1188 2879 1383 2945 intellexisse

189 2987 312 3052 videtur
346 2988 535 3054 Plutarchus
568 2992 601 3055 in
636 2991 763 3072 Quaest.
797 3010 931 3077 sympos.
961 2993 1037 3076 11,
1060 2994 1097 3070 5,
1131 2990 1187 3055 ubi
1221 2992 1298 3058 haec
1331 2992 1392 3058 le·.

188 3100 326 3182 guntur:
365 3103 458 3164 άλλοι
495 3100 532 3166 δέ
561 3121 645 3184 φασι
679 3105 740 3187 την
773 3108 940 3189 μυρσίνην
973 3106 1015 3169 οὐ
1049 3104 1190 3187 καθεξῆς
1221 3106 1377 3188 βαδίζειν,

187 3210 269 3275 άλλδι
284 3211 361 3276 καθ’
377 3212 518 3278 ἕκαστον
540 3215 605 3278 άπὸ
627 3219 741 3299 κλίνης
762 3215 816 3281 έπλ
837 3219 954 3300 κλίνην
976 3217 1207 3302 διαφέρεσθαι·
1230 3220 1290 3282 τὸν
1311 3220 1378 3302 γάρ

185 3332 318 3406 πρώτον
352 3321 481 3412 ᾅσαντα
512 3330 556 3414 τῷ
586 3330 705 3416 πρώτῳ
734 3338 791 3412 τῆς
819 3329 976 3414 δευτέρας
1009 3331 1122 3413 κλίνης
1155 3330 1376 3408 ἀποστέλλειν,

185 3432 313 3499 ἐκεῖνον
341 3436 378 3498 δέ
405 3441 449 3523 τῷ
480 3441 600 3524 πρώτῳ
628 3449 686 3522 της
713 3444 840 3525 τρίτης,
874 3437 944 3505 εἶτα
971 3442 1031 3505 τὸν
1064 3442 1223 3526 δεύτερον
1255 3440 1380 3524 δμοίως

184 3550 229 3634 τῷ
258 3546 413 3636 δευτέρῳ,
445 3549 502 3612 καλ
529 3551 567 3613 τὸ
599 3554 752 3616 ποικίλον
780 3554 836 3616 καί
863 3555 1085 3636 πολυκαμπές,
1120 3551 1163 3628 ώς
1191 3555 1287 3633 ἔοικε,
1319 3563 1378 3636 τῆς
1452 3553 1457 3560 ’

182 3657 342 3741 περιόδου
377 3662 511 3725 σκολιὸν
545 3661 738 3746 ὠνομάσθη.
784 3666 836 3747 qui
864 3664 1027 3730 Plutarchi
1062 3682 1146 3729 error
1175 3666 1248 3732 inde
1278 3669 1372 3733 00100

183 3771 241 3848 001,
274 3770 354 3850 quod
383 3770 409 3832 is
432 3771 615 3838 Aristoxeni
643 3775 738 3840 verba
765 3779 856 3860 παρὰ
877 3780 986 3862 μέρος,
1015 3796 1094 3860 qnae
1117 3776 1264 3843 hocloco
1287 3777 1371 3843 idem

182 3879 288 3946 valent
303 3897 340 3944 ae
355 3882 439 3944 κατὰ
453 3885 552 3974 μέρος
572 3884 623 3949 vel
647 3885 683 3950 ἐν
704 3887 806 3971 μέρει,
831 3887 909 3952 10100
932 3890 1159 3972 interpretatus
1183 3894 1230 3955 est
1247 3885 1375 3954 ‘contra

181 4037 233 4044 ...υ
236 4037 388 4046 ----ι

287 4122 318 4187 ¹⁴)
338 4119 413 4189 παρὰ
431 4119 514 4189 μέρος
531 4122 763 4192 interpretandum
775 4142 831 4180 esse
850 4123 980 4195 ‘alternis
998 4123 1129 4183 vicissim’
1148 4100 1370 4197 docuitKoester

181 4216 200 4272 l.
220 4232 242 4270 c.
261 4231 287 4283 p.
307 4221 322 4269 7
341 4215 403 4269 adn.
424 4223 453 4281 1;
471 4215 542 4272 idem
565 4222 637 4272 enim
661 4222 702 4273 est
724 4221 801 4290 παρὰ
824 4239 906 4290 praec
929 4219 992 4291 erte
1015 4226 1097 4292 atque
1120 4223 1190 4278 illud
1214 4224 1372 4280 Dicaearchi

180 4309 248 4363 καθ’
265 4308 313 4363 ἕνα
332 4306 403 4379 ἑξῆς,
423 4327 585 4382 quamquam
606 4314 634 4368 id
652 4331 705 4369 uon
725 4315 757 4370 de
775 4317 866 4371 scoliie
885 4317 1019 4372 dicituro
1037 4318 1206 4374 Dicaearcho.
