3120 4966
672 307 885 372 „40-

183 493 314 559 verbnm
330 493 495 571 vertimus,
519 497 594 558 sunt
611 488 801 558 ‘cantilenae
816 494 958 572 inflexae,
979 494 1101 560 infleris
1118 495 1262 560 melodiis
1286 514 1371 560 eom·

182 601 319 689 positae’,
336 609 372 668 ut
394 606 511 670 dicitur
533 607 721 670 ἀνάπαιστα
743 609 823 690 μέλη
839 610 871 671 et
886 606 1013 672 similia.
1033 610 1085 673 sed
1107 609 1145 672 de
1169 608 1369 686 carminibus,

182 737 260 801 quae
281 719 397 782 σκολιὰ
412 719 491 800 μέλη
514 717 728 799 nominantur,
751 721 820 783 tum
837 719 964 783 demum
979 737 1080 784 sermo
1096 721 1199 800 potest
1213 719 1321 797 fuisse,
1345 720 1372 784 si

183 848 262 912 quae
275 833 365 894 erant
378 830 481 895 scoliis
494 829 636 911 opposita
649 830 786 894 carmina
801 830 978 896 exstabant.
1000 829 1064 895 iam
1077 848 1149 895 cnm
1160 849 1219 895 vox
1238 835 1370 908 σκολιός

185 942 329 1024 opposita
341 942 383 1006 sit
394 942 464 1007 uoci
480 942 584 1027 ὀρθός
595 941 647 1007 vel
663 944 790 1028 ὄρθιος,
806 946 872 1009 iure
887 942 1017 1026 colligas
1034 944 1109 1007 olim
1126 945 1265 1009 carmina
1277 962 1371 1026 quae·

53 1059 56 1068 '
185 1053 257 1118 dam
273 1053 370 1118 fuisse
390 1053 478 1138 ὀρθὰ
494 1050 625 1140 ᾄσματα
636 1054 687 1118 vel
699 1055 759 1136 ἔντη
772 1072 791 1117 a
802 1054 932 1123 Graecis
947 1054 1095 1120 vocitata.
1111 1073 1185 1119 nam
1197 1074 1257 1136 que
1268 1056 1369 1135 modo,

181 1183 310 1248 quaeso,
334 1163 462 1230 Graecis
484 1165 518 1229 in
534 1166 674 1230 mentem
694 1169 799 1231 venire
815 1171 937 1249 poterat
953 1169 1050 1250 μέλος
1064 1166 1221 1249 quoddam
1238 1170 1372 1233 σκολιόν
1440 1188 1450 1196 ·

184 1276 349 1359 appellare,
362 1277 389 1340 si
401 1282 493 1342 antea
505 1297 567 1343 non
579 1282 730 1343 noverant
745 1275 876 1364 ᾅσματα
887 1279 931 1361 μη
945 1283 1061 1345 σκολιά
1073 1279 1124 1345 vel
1137 1277 1247 1366 ὀρθάλ
1263 1280 1370 1361 itaque

184 1388 354 1453 videndum
378 1391 426 1454 est
449 1390 521 1453 ante
544 1390 657 1466 omnia,
682 1389 708 1453 si
732 1388 857 1472 quidem
872 1389 933 1453 fide
949 1391 1044 1473 digna
1059 1391 1212 1456 habeatur
1227 1390 1373 1455 volumus

183 1503 341 1567 sententia
364 1501 488 1578 nostra,
523 1519 599 1564 num
622 1501 723 1582 possit
746 1490 955 1566 demonstrari
978 1502 1154 1585 antiquitus
1181 1501 1279 1566 fuisse
1302 1520 1370 1567 car·

184 1613 285 1689 mina,
316 1632 399 1695 ‚quae
428 1616 484 1678 aut
506 1612 669 1679 nominata
690 1612 754 1678 sint
777 1611 881 1699 ὀρθά,
910 1618 966 1678 aut
988 1633 1120 1696 quorum
1144 1618 1259 1677 natura
1281 1591 1376 1695 atque

184 1724 304 1789 indoles
320 1724 366 1789 ita
382 1724 478 1789 fuerit
494 1725 692 1808 comparata,
716 1725 753 1789 ut
769 1728 849 1808 μέλη
872 1725 911 1790 iis
935 1727 1076 1809 opposita
1091 1725 1247 1790 nominari
1262 1728 1372 1806 potue·

184 1836 249 1900 rint
271 1833 397 1900 creciaci.

289 1946 388 2028 Quem
410 1948 450 2011 ad
472 1949 566 2013 finem
590 1948 784 2031 inquiramus
807 1950 940 2030 oportet,
963 1967 1043 2030 qnae
1065 1947 1160 2012 fuerit
1182 1968 1232 2014 ars
1254 1953 1374 2016 musica

185 2058 356 2143 Terpandri
387 2060 592 2142 temporibus.
624 2078 660 2125 ac
688 2059 789 2124 tradit
816 2063 852 2125 de
885 2078 922 2125 ea
950 2081 983 2125 re
1006 2060 1197 2126 Plutarchus
1226 2062 1263 2125 de
1293 2081 1373 2127 mus.

186 2191 212 2237 c.
246 2174 266 2237 6
301 2172 392 2237 baec:
427 2172 465 2237 τὸ
499 2171 528 2236 d'
559 2174 639 2237 ὅλον
672 2171 692 2254 ἡ
726 2173 788 2255 μὲν
820 2175 903 2237 κατὰ
941 2174 1156 2259 Τέρπανδρον
1189 2173 1378 2262 κιθαρῳδία

185 2286 358 2368 καὶμέχρι
381 2294 438 2369 τῆς
464 2285 632 2368 Φρύνιδος
654 2283 782 2366 ἡλικίας
809 2289 977 2362 παντελῶς
1006 2286 1090 2370 ἁπλῆ
1121 2309 1169 2362 τις
1199 2276 1284 2351 οὖσα
1312 2286 1378 2350 dce-

185 2399 271 2460 τέλει
293 2445 300 2459 .
324 2443 363 2459 ..
398 2397 439 2459 τὰ
465 2397 529 2479 γὰρ
557 2395 640 2479 πρὸς
670 2397 748 2471 τοὺς
777 2398 879 2472 θεοὺς
909 2397 1179 2482 ἀφοσιωσάμενοι
1210 2395 1378 2480 ἐξέβαινον

185 2508 292 2583 εὐθὺς
321 2506 376 2570 ἐπί
402 2530 437 2571 τε
464 2507 525 2588 τὴν
542 2501 686 2590 Ὁμήρου
720 2509 776 2571 καλ
808 2512 1007 2573 τῶνᾶλλων
1033 2513 1175 2592 ποίησιν.
1211 2510 1313 2591 δῆλον
1342 2509 1379 2574 δὲ

126 2610 133 2631 ”
185 2618 274 2683 τοῦτ’
298 2619 368 2682 ἔστι
390 2619 447 2683 διὰ
469 2627 536 2682 τῶν
562 2619 779 2703 Τερπάνδρου
801 2624 996 2703 προοιμίων.
1027 2624 1064 2685 de
1081 2621 1249 2703 Terpandri
1273 2622 1378 2687 autem

185 2729 271 2815 poesi
294 2731 397 2795 verbis
413 2728 525 2795 Glauci
547 2729 629 2812 apud
651 2731 735 2796 Plut.
756 2733 819 2796 ab
842 2733 1021 2799 edocemur:
1045 2734 1239 2816 ἐζηλωκέναι
1262 2735 1298 2798 δὲ
1320 2735 1380 2798 τὸν

189 2843 404 2926 Τέρπανδρον
420 2838 565 2925 Ὁμήρου
591 2845 652 2926 μὲν
680 2845 721 2906 τὰ
743 2844 819 2926 ἔπη,
850 2840 995 2929 Ὀρφέως
1025 2845 1062 2908 δὲ
1090 2847 1131 2908 τὰ
1153 2848 1243 2928 μέλη.
1289 2864 1380 2912 versu

186 2954 285 3036 igitur
308 2955 431 3018 heroico
452 2955 624 3036 composita
646 2961 736 3018 erant
752 2956 890 3019 earmina
912 2954 969 3020 illa
985 2956 1113 3038 antiqua
1137 2958 1169 3020 et
1184 2955 1223 3021 ad
1240 2955 1379 3022 citharae

181 3070 320 3144 sonum,
353 3071 390 3130 ut
416 3066 533 3150 Orphei
566 3066 759 3150 cantilenae,
794 3069 1008 3133 cantabantur.
1039 3069 1139 3150 poesis
1163 3069 1379 3150 Terpandreee

192 3180 299 3243 autem
323 3179 392 3244 laus
415 3180 518 3260 posita
541 3182 609 3243 erat
631 3179 663 3242 in
687 3179 788 3243 nemis
812 3196 887 3262 quos
910 3182 1022 3244 vocant
1045 3179 1224 3258 condendis,
1248 3199 1380 3262 quorum

187 3292 372 3373 argumenta
404 3291 443 3356 ad
472 3293 543 3356 deos
571 3292 771 3373 pertinebant
806 3291 920 3374 quique
949 3293 987 3356 ab
1019 3292 1090 3356 aliis
1122 3292 1223 3375 poesis
1250 3294 1379 3358 melicae

188 3401 366 3487 generibus,
390 3403 423 3466 in
439 3402 550 3484 primis
565 3403 706 3486 hymnis,
731 3421 765 3468 eo
787 3403 991 3480 differebant,
1017 3404 1099 3487 quod
1115 3404 1266 3469 exstructi
1290 3409 1379 3470 erant

188 3517 282 3581 certis
304 3515 437 3597 periodis
459 3515 543 3580 inter
566 3535 599 3580 se
622 3498 763 3593 diversis,
786 3515 840 3580 sed
858 3518 943 3580 certa
962 3516 1031 3599 lege
1054 3535 1120 3580 sese
1141 3517 1379 3598 excipientibus

188 3628 235 3692 ita
257 3630 382 3711 tamen,
413 3627 449 3692 ut
473 3627 697 3710 compositione
728 3627 956 3709 antistrophica
979 3630 1117 3691 carerent
1141 3630 1236 3710 atque
1258 3630 1297 3694 ab
1320 3645 1380 3693 uno

191 3741 318 3806 tantum
342 3739 468 3804 homine
484 3739 721 3804 decantarentur
745 3739 795 3821 (cf.
818 3738 851 3804 C.
867 3740 909 3804 H.
926 3738 1083 3816 Walther‚
1107 3740 1380 3806 commentationis

191 3853 229 3916 de
247 3851 386 3919 Graecae
408 3849 512 3933 poesis
534 3851 665 3915 melicae
687 3850 856 3934 generibus
879 3849 1041 3932 particula.
1066 3850 1139 3915 diss.
1163 3851 1269 3935 inaug.
1285 3852 1377 3917 Halis

191 3964 262 4030 Sar.
291 3963 372 4028 1866
394 3983 424 4046 p.
442 3963 483 4028 38
507 3963 598 4044 sqq.).
623 3964 722 4026 metro
746 3962 781 4027 in
805 3962 907 4026 nemis
930 3962 1096 4027 condendis
1119 3961 1279 4045 inprimis
1302 3983 1378 4029 usus

189 4079 239 4141 est
262 4075 439 4157 Terpander
461 4075 643 4139 hexametro
666 4073 832 4156 dactylico,
867 4073 906 4138 cf.
931 4075 1017 4139 Plut.
1041 4076 1078 4139 de
1101 4093 1181 4138 mus.
1209 4093 1235 4140 c.
1259 4075 1294 4139 4:
1331 4078 1383 4142 ὅτι

191 4191 227 4255 δὲ
243 4191 275 4254 ολ
289 4185 510 4272 κιθαρῳδικοὶ
532 4188 631 4269 νόμοι
653 4187 685 4250 οἱ
700 4184 803 4251 πάλαι
826 4184 859 4262 ἐξ
877 4185 967 4250 ἐντῶν
982 4191 1192 4267 συνίσταντο,
1220 4189 1384 4269 Τιμόθεος

189 4302 343 4384 ἐδήλωσε.
371 4299 463 4364 Phoc.
487 4297 564 4363 bibl.
588 4300 654 4363 cod.
678 4297 742 4362 239
772 4319 801 4381 p.
827 4297 899 4374 320,
923 4296 960 4362 5:
994 4298 1088 4362 δοκεῖ
1108 4298 1144 4361 δὲ
1171 4299 1384 4384 Τέρπανδρος
