3120 4966
671 323 886 386 „51-

182 506 321 571 carmina
350 503 534 573 convivalia'
576 503 718 596 (ᾅσματα
748 508 938 594 παροίνια),
973 511 1005 575 id
1038 510 1121 594 quod
1156 513 1225 577 luce
1259 513 1375 577 clarius

181 617 339 700 colligitur
355 622 392 697 et
408 637 424 683 e
440 619 537 684 totins
560 619 620 685 loci
642 621 746 687 indole
769 622 801 686 et
821 642 857 688 ex
879 622 929 704 iis,
953 641 1031 705 quae
1047 624 1234 688 antecedunt
1251 625 1281 703 ξ.
1294 613 1373 690 107:

180 739 248 794 τῶν
269 732 384 813 μέντοι
405 742 620 814 συμποτικῶν
642 736 698 798 καὶ
720 738 858 818 αἴνιγμα
881 736 936 798 καὶ
957 744 1095 819 γρῖφος,
1129 734 1184 799 ubi
1206 745 1274 799 τῶν
1296 738 1374 819 μέν·

181 865 233 907 τοι
255 852 469 924 συμποτικῶν
491 845 572 909 idam
596 845 682 911 valet
705 846 799 929 atque
821 847 901 910 illud
924 844 1162 932 eupolnoffl).

284 954 323 1019 Id
349 974 420 1020 vero
443 955 522 1020 mihi
544 955 765 1039 proferendum
791 977 859 1024 esse
889 959 1055 1024 videbatur
1084 961 1194 1024 contra
1216 958 1375 1043 llgenium

183 1068 372 1148 ceterosque,
392 1068 466 1149 quia
485 1068 535 1133 illi
556 1069 615 1134 hoc
637 1069 703 1134 nini
718 1070 785 1135 loco
802 1068 1017 1135 demonstrare
1033 1071 1201 1136 studebant
1216 1072 1374 1152 παροίνια

181 1180 214 1243 et
226 1180 342 1242 σκολιά
357 1180 497 1244 carmina
512 1181 610 1246 fuisse
626 1180 709 1245 inter
724 1200 756 1246 se
771 1199 896 1262 prorsus
913 1182 1048 1247 diversa.
1071 1184 1213 1247 attamen
1228 1181 1262 1247 id
1273 1202 1373 1265 neque

181 1290 240 1354 hoc
261 1309 361 1373 neque
384 1290 444 1357 alio
468 1295 610 1358 veterum
633 1293 699 1358 loco
723 1294 958 1377 comprobatum
982 1312 1058 1359 nam
1080 1313 1160 1377 quae
1175 1294 1289 1359 Pollux
1312 1294 1374 1359 alio

92 1405 94 1407 ’
181 1401 249 1467 loco
274 1402 332 1484 (IV
356 1402 424 1488 53),
449 1423 541 1487 quem
565 1408 604 1471 ad
626 1425 726 1471 unum
749 1425 856 1472 omnes
878 1408 1093 1490 neglexerunt,
1122 1409 1248 1472 enarrat
1271 1406 1373 1488 poesis

180 1515 297 1598 lyricae
320 1534 447 1599 genera,
483 1518 537 1583 ubi
560 1521 718 1604 παροίνια
741 1521 772 1583 et
796 1522 913 1583 σκολιά
936 1519 1172 1596 discernuntur,
1207 1520 1274 1583 tam
1302 1536 1374 1601 per·

180 1627 310 1692 turbata
333 1627 520 1710 confusaque
543 1632 630 1709 sunt,
664 1631 700 1693 nt
724 1648 847 1694 omnem
876 1629 969 1694 fidem
998 1630 1071 1695 huic
1099 1631 1167 1695 loeo
1191 1631 1374 1712 derogemus

181 1756 307 1822 necesse
324 1739 376 1804 sit.
399 1743 452 1805 sed
469 1759 528 1822 quo
544 1741 657 1805 melius
673 1741 705 1805 id
720 1741 934 1821 intellegatur,
958 1743 1061 1805 totum
1076 1760 1232 1824 apponam
1251 1743 1372 1808 locum:

180 1855 221 1917 τὰ
243 1851 281 1915 δὲ
302 1852 468 1936 ποιήματα
497 1854 553 1915 καὶ
575 1848 660 1938 ᾠδαὶ
687 1855 743 1916 καὶ
766 1850 897 1940 ᾄσματα
919 1855 975 1916 καί
997 1857 1099 1937 μέτρα
1122 1855 1179 1917 καὶ
1201 1855 1295 1936 λόγοι
1318 1855 1374 1938 ἔμ-

181 1987 310 2048 μετροι,
333 1965 410 2047 ἔπη,
433 1964 572 2048 ἡρωεϊα,
596 1963 768 2050 ἑξάμετρα,
792 1965 962 2054 ῥαψῳδία,
991 1965 1132 2049 ἐλεγεῖα,
1155 1968 1372 2047 πεντάμετρα,

180 2080 347 2162 τρίμετρα,
371 2077 609 2160 ἐπιγράμματα,
633 2079 757 2159 ἴαμβοι,
773 2078 915 2160 ἰαμβεῖα,
932 2074 1130 2157 ἀνάπαιστα,
1148 2080 1228 2160 με’λιγ
1244 2075 1373 2161 χορικά,

182 2186 396 2273 τετράμετρα,
432 2190 576 2271 οτροφή,
611 2191 846 2274 ἀντίστροφος,
878 2188 1021 2277 ἐπῳδός,
1049 2191 1165 2272 ὕμνοι,
1199 2188 1374 2272 προσόδια,

184 2308 329 2381 παιᾶνες,
352 2298 600 2384 δαφνηφορικά,
623 2299 897 2385 τριποδηφορικά,
920 2302 1134 2384 διθύραμβοι,
1159 2297 1373 2383 ίθνφαλλικά,

189 2409 405 2496 ὠσχοφορικά,
430 2414 597 2495 παροίνια,
621 2414 780 2497 ἰόβακχοι,
806 2414 1039 2497 ὑπορχήματα,
1062 2413 1239 2497 θρίαμβοι,
1262 2411 1374 2493 ἐπιλή-

186 2545 256 2603 νια,
279 2522 459 2605 ἐπιλοίμια,
481 2526 682 2606 παρθένεια,
705 2522 919 2607 ἐπιθαλάμια,
943 2524 1097 2608 ἐγκώμια,
1121 2523 1272 2604 ἐπίνικοι,
1296 2539 1373 2587 σκο-

184 2636 259 2716 λιά,
281 2640 422 2720 θρῆνοι,
446 2639 566 2700 σιλλοί·
594 2637 768 2725 κωμῳδία,
791 2637 974 2724 τραγῳδία,
1004 2634 1166 2720 πάροδος,
1201 2632 1373 2717 στάσιμον,

183 2744 352 2830 ἐμμέλεια,
385 2751 604 2829 κομματικόν,
635 2747 761 2828 ἔξοδος,
797 2745 946 2828 εὐκτικά,
975 2746 1171 2832 ἐμβατήρια,
1205 2747 1373 2830 ὑμέναιος,

181 2861 290 2941 νόμοι,
312 2862 480 2943 προοίμια,
502 2862 679 2943 προαύλια,
702 2862 878 2944 προκόμια,
901 2863 1019 2940 ίονλοι,
1040 2861 1190 2942 οὐλαμοί,
1208 2861 1373 2941 οὔπιγγοι,

182 2973 282 3050 λίνος,
305 2970 476 3053 ἐπιμύλιος
498 2968 584 3058 ᾠδή,
607 2972 718 3055 ἵμερος
741 2973 797 3035 καί
820 2972 947 3055 ἴμαδος,
970 2973 1026 3036 καί
1048 2972 1067 3034 ὁ
1090 2970 1127 3035 δὲ
1151 2966 1244 3058 ᾅδων
1267 2961 1398 3054 ίμαοιέ

182 3079 249 3157 δός.
284 3081 347 3146 iam
381 3081 569 3165 quicumque
605 3082 686 3147 hane
719 3084 883 3146 nominum
917 3082 1029 3166 legerit
1063 3082 1189 3161 seriem,
1226 3081 1374 3147 concedet

182 3192 263 3257 nihil
298 3194 494 3259 auctoritatis
529 3194 628 3258 inesse
660 3194 693 3257 in
717 3194 855 3259 Pollucis
893 3193 1014 3276 uerbis,
1048 3194 1098 3260 cui
1131 3195 1214 3259 certe
1247 3211 1311 3258 non
1340 3191 1373 3256 in

182 3304 289 3369 animo
312 3305 375 3370 fuit
398 3306 522 3388 singula
544 3307 645 3388 poesis
675 3305 867 3390 distinguere
890 3324 1022 3389 genera,
1056 3306 1109 3370 sed
1140 3304 1293 3387 quotquot
1321 3322 1371 3367 re·

181 3417 286 3498 perire
308 3415 413 3500 potuit
435 3418 545 3483 afferre
568 3420 710 3496 nomina,
739 3419 913 3483 incuriosus
943 3420 1052 3483 utrum
1074 3418 1192 3482 certam
1215 3414 1371 3498 quandam

181 3529 338 3593 rationem
361 3532 542 3612 sequeretur
564 3530 597 3594 in
619 3531 658 3594 iis
683 3529 901 3596 enumerandis
923 3548 1028 3613 necne,
1052 3547 1147 3611 quam
1171 3530 1209 3594 ob
1232 3545 1300 3592 rem
1322 3526 1371 3592 bis

181 3641 288 3723 posuit
320 3660 419 3707 unum
456 3642 599 3724 idemque
637 3661 752 3727 genus,
791 3660 862 3706 cum
902 3639 1034 3706 diversis
1072 3639 1104 3704 id
1140 3639 1371 3724 significaretur

181 3752 372 3817 nominibus.

287 3862 405 3930 Contra
433 3866 539 3930 autern
563 3867 589 3930 si
612 3866 718 3932 Procli
747 3866 949 3948 part'tionem
976 3865 1078 3948 poesis
1107 3862 1237 3929 melicae
1263 3861 1370 3943 (Phot.

182 3975 260 4043 bibl
283 3978 350 4042 cod.
373 3978 436 4043 239
459 3998 489 4060 p.
513 3979 587 4056 319,
610 3979 665 4060 32)
696 3979 746 4043 sat
769 3979 875 4060 aptam
899 3977 1097 4061 inspicimus,
1127 3978 1284 4060 neqoloco
1307 3988 1371 4036 non

182 4143 390 4152 .-.———-

290 4244 322 4313 ²⁵)
340 4244 427 4299 Codex
438 4245 557 4299 Pollucis
569 4244 708 4298 Parisinus
722 4249 798 4310 2670,
816 4261 896 4314 quem
909 4244 1050 4298 BellerA
1067 4244 1154 4307 vocat,
1172 4257 1220 4310 pro
1238 4237 1370 4308 παροίνια

182 4339 265 4399 habet
283 4339 445 4408 συμποτικά,
463 4356 516 4410 que
534 4340 670 4409 scriptura
687 4340 877 4409 comprobetur
895 4341 988 4393 nostre
1005 4337 1058 4391 loci
1075 4332 1274 4404 interpretatio.

1177 4427 1194 4475 4
1201 4425 1216 4456 *
