3120 4966
667 346 878 410 ..60-

183 539 330 621 quoniam
358 555 419 601 non
448 538 557 601 eadem
585 532 689 617 potuit
719 550 785 596 esse
814 529 949 595 melodIa
977 530 1009 594 in
1040 528 1231 594 carminibus
1254 524 1365 590 metris

180 649 403 716 diversissimis
427 645 617 728 compositis.

286 763 330 826 Ac
351 779 390 825 ne
412 759 476 840 pilo
499 757 625 840 quIdem
649 755 836 832 accuratius,
863 772 958 836 quam
982 756 1082 817 metra
1105 755 1136 816 et
1155 748 1286 826 moduli,
1310 749 1365 813 de-

181 872 272 938 finita
295 872 384 937 erant
406 869 600 952 argumenta,
633 886 711 950 quae
733 866 767 929 in
790 865 896 930 scoliis
925 863 1153 929 tractabantur.
1188 881 1250 944 qua
1272 861 1309 925 de
1331 879 1364 924 re

179 984 285 1049 videas
318 1002 396 1065 quae
431 980 617 1046 sustarnrus
648 979 742 1055 1574,
773 979 812 1042 14
840 976 986 1042 tradidit:
1021 979 1124 1059 μεμε
1157 974 1194 1038 ιε
1226 957 1365 1037 salacea

184 1099 323 1179 (σκόλια)
353 1097 599 1180 περιφέρονται·
633 1094 674 1155 τδι
704 1092 765 1173 μὲν
794 1086 971 1167 σκωπτικοὲ,
1006 1091 1047 1151 τὰ
1075 1088 1111 1151 δέ
1139 1087 1222 1169 πρὸς
1250 1088 1365 1172 ἔρωτα,

178 1209 336 1273 πολλὰδὲ
358 1210 413 1272 καὶ
436 1207 612 1270 σπουδαῖα.
635 1207 757 1288 praeter
780 1223 815 1268 ea
839 1202 980 1267 conferas
1002 1200 1096 1279 locos,
1121 1216 1197 1282 quos
1213 1220 1244 1283 p.
1261 1198 1302 1263 47
1319 1217 1364 1280 sq.

180 1317 406 1401 attulimus³⁰),
430 1320 462 1383 et
484 1319 652 1383 Zenobium
675 1316 691 1379 I
716 1316 774 1380 18:
801 1310 965 1398 Ἀδμήτου
989 1315 1094 1396 μέλος·
1118 1311 1155 1376 τὸ
1178 1313 1225 1386 εἰς
1243 1305 1365 1394 Ἄδμη-

179 1456 239 1497 τον
271 1428 438 1519 ᾀδόμενον
470 1433 567 1513 μέλος
598 1432 764 1511 πένθιμον
777 1476 869 1492 .....
905 1427 941 1490 ἐκ
974 1428 1046 1490 τότε
1076 1421 1139 1488 οὖν
1167 1425 1283 1487 σκολιὰ
1311 1425 1367 1487 κοιλ

179 1546 331 1627 πενθήρη
361 1545 443 1624 πρὸς
470 1542 530 1605 τὸν
550 1537 718 1622 Ἀδμητον
748 1537 870 1624 ήδοντο
898 1541 990 1620 μέλη,
1023 1538 1134 1621 μέχρις
1161 1536 1204 1600 ἂν
1226 1536 1246 1618 ή
1270 1539 1363 1621 Κόρη

181 1658 369 1738 ἀνέπεμψεν
390 1650 567 1737 Ἀλιηστιν
591 1653 645 1736 (cf.
671 1652 766 1716 schol.
791 1650 889 1715 Arist.
906 1649 1001 1732 Vesp.
1025 1668 1055 1713 v.
1082 1648 1189 1725 1239),
1214 1666 1274 1730 quc
1296 1648 1364 1714 loco

182 1750 271 1849 quasi
294 1767 327 1829 in
351 1764 460 1828 eodem
482 1782 595 1847 genere
618 1765 777 1847 ponuntur
800 1764 917 1826 exolvat
939 1764 970 1825 et
985 1762 1136 1846 πενθήρη
1161 1761 1250 1843 μέλη.
1274 1778 1365 1842 porro

181 1879 207 1942 si
232 1876 337 1953 scolia,
367 1896 446 1959 quae
470 1875 558 1940 nobis
589 1878 713 1939 servata
737 1878 821 1955 sunt,
853 1872 1034 1956 respexeris
1065 1873 1185 1936 videbis
1213 1873 1365 1937 contineri

179 1989 217 2054 iis
248 2007 353 2071 preces
383 1987 506 2071 (l—b),
543 1988 626 2051 facta
659 1986 823 2069 praeclara
858 1986 995 2050 carmine
1030 1985 1190 2050 celebrata
1219 1981 1365 2070 (9-14),

186 2101 357 2165 sententias
380 2101 412 2164 et
434 2103 600 2182 praecepta
625 2098 731 2181 paucis
756 2098 898 2165 versibus
922 2116 1066 2180 expressa
1089 2098 1131 2181 (I,
1156 2097 1186 2174 8,
1212 2096 1364 2178 15-26),

181 2212 254 2290 alia,
281 2231 369 2294 quae,
394 2213 460 2276 sive
483 2232 554 2276 cum
572 2212 738 2276 EustathIo
762 2212 794 2275 in
809 2212 873 2274 tres
890 2210 1109 2275 distribuimus
1125 2210 1245 2292 partes:
1270 2209 1366 2273 scolia

187 2323 392 2400 cavillatoria,
417 2323 578 2400 amatorIa,
603 2322 692 2400 seria,
718 2323 784 2387 sive
800 2335 872 2386 cum
889 2321 1008 2405 Ilgenic
1032 2322 1173 2399 facimus,
1199 2321 1252 2405 qui
1268 2319 1366 2386 scolia

182 2434 384 2507 cavillatoria,
424 2435 585 2511 amatoria,
624 2434 785 2509 historica,
820 2433 969 2517 mythiea,
1005 2434 1191 2516 precatoria,
1226 2433 1374 2509 moralia,¹

182 2547 320 2630 politica,
337 2546 523 2623 laudatoria,
547 2546 704 2627 potatorIa
719 2545 889 2630 distinguit
905 2546 949 2629 (p.
964 2544 1156 2612 CLXXVIII
1172 2549 1241 2627 sq.)‚
1259 2548 1366 2626 aperte

184 2661 402 2724 demonstrant
425 2658 587 2739 quodlibet
609 2658 831 2741 argumentum
855 2659 994 2742 potuisse
1018 2657 1146 2722 tractari
1168 2657 1283 2722 socliis.

286 2788 435 2852 Videmus
459 2788 556 2872 igilur
579 2806 678 2869 neque
700 2789 800 2851 metro
824 2788 873 2851 vel
896 2788 1031 2852 melodia
1052 2807 1151 2869 neque
1175 2787 1269 2852 certis
1296 2788 1365 2870 qui-

187 2899 323 2966 busdam
345 2899 539 2983 argumentis
563 2899 658 2964 scolia
682 2917 748 2963 esse
771 2899 922 2983 insignita
945 2902 999 2978 ita,
1031 2903 1067 2963 ut
1089 2901 1209 2982 possint
1233 2899 1367 2963 discerni

182 3011 232 3076 his
258 3011 350 3077 rebus
373 3012 412 3076 ab
436 3010 507 3076 aliis
532 3010 722 3074 carminibus
746 3011 911 3076 similibus.
942 3012 1015 3095 quid
1037 3012 1137 3094 igItur
1164 3012 1366 3076 laciendum?

181 3144 258 3189 num
269 3124 497 3206 desperandum
507 3127 554 3187 est
568 3127 710 3188 futurum
721 3142 795 3201 esse,
805 3129 841 3188 ut
854 3143 1003 3206 umquam
1015 3124 1188 3206 explicetur
1201 3125 1366 3188 scoliorum

184 3236 231 3300 vis
254 3256 290 3302 ac
312 3239 450 3301 natura?
472 3236 602 3300 minime
626 3254 695 3301 mea
718 3237 843 3317 quidem
867 3238 1033 3301 sententia.
1058 3237 1117 3301 hac
1140 3237 1224 3300 enim
1240 3236 1363 3318 ipsam,

181 3351 263 3430 quod
293 3347 461 3413 scoliorum
488 3366 562 3429 prae
591 3348 703 3413 ceteris
734 3348 925 3413 carminibus
954 3347 1169 3414 convivalibus
1193 3349 1271 3413 nihil
1294 3367 1366 3430 prc-

180 3461 282 3543 prium
307 3463 364 3535 est,
388 3459 576 3537 inducimur,
600 3461 637 3524 ut
658 3479 819 3525 sumamus
843 3461 874 3525 et
896 3463 1054 3546 παροίνια
1077 3463 1109 3524 et
1131 3464 1258 3543 σκολιά,
1289 3461 1363 3526 hacc

184 3574 268 3638 enim
292 3573 387 3654 vulgo
411 3572 471 3636 duo
495 3573 667 3636 carminum
690 3573 915 3654 potatoricrum
939 3575 1123 3638 statuuntur
1145 3592 1270 3657 genera,
1297 3593 1364 3638 sco-

181 3684 295 3748 liorum
312 3683 438 3749 nomine
454 3682 552 3748 fuisse
567 3684 736 3766 appellata.
758 3686 844 3751 vides
859 3705 914 3750 nos
930 3685 964 3749 iu
979 3687 1165 3768 disputando
1180 3688 1221 3751 ad
1236 3691 1365 3753 eandem

181 3795 357 3878 pervenisse
372 3795 573 3874 sententiam,
591 3815 685 3878 quam
699 3801 735 3861 ut
750 3798 1016 3879 amplecteremur,
1034 3802 1105 3864 ante
1122 3818 1244 3865 eramus
1257 3798 1365 3864 coacti.

181 3909 282 3972 Iacere
311 3911 417 3971 autem
447 3926 506 3973 non
536 3926 674 3992 possum,
708 3909 783 3991 quin
814 3908 872 3974 hoc
897 3910 963 3977 loco
986 3912 1101 3979 Grimii
1123 3911 1249 3976 afferam
1274 3914 1367 3978 verba

287 4173 321 4238 ³⁰)
339 4172 411 4226 Addi
444 4175 532 4241 potest
564 4173 638 4227 locus
667 4172 766 4229 Athen.
797 4173 821 4226 X
855 4177 906 4226 427
931 4175 968 4230 D:
1003 4170 1038 4243 ήν
1065 4176 1114 4228 ἀπ’
1145 4176 1229 4245 ἀρχῆς
1255 4177 1286 4230 τὸ
1319 4176 1368 4246 μὲν

181 4267 304 4320 σπένδειν
322 4266 526 4335 ἀποδεδομένον
543 4271 602 4327 τοῖς
618 4270 706 4335 θεοῖς,
730 4265 745 4320 δ
764 4265 794 4320 δὲ
811 4267 944 4339 κότταβος
960 4273 1020 4330 τοῖς
1037 4267 1184 4338 ἐρωμένοις
1196 4310 1203 4325 .
1216 4312 1243 4326 ..
1261 4272 1303 4327 διὸ
1322 4274 1369 4327 καὶ

179 4362 214 4416 τὰ
233 4361 326 4415 σκολιὰ
343 4363 496 4431 καλούμενοι
514 4362 579 4432 μέλη
597 4369 654 4416 τῶν
672 4363 794 4432 ἀρχαίων
812 4370 935 4432 ποιητῶν
952 4364 1040 4433 πλήρη
1058 4361 1139 4418 ἐστίν.
1324 4363 1325 4367 ’
