3120 4966
671 333 886 399 ..84-

160 541 259 607 -uuos
288 542 394 589 versus
425 523 626 607 respexerunt
653 522 685 598 ii,
715 525 770 607 qui
799 525 1026 590 contenderunt
1056 525 1181 607 poetam
1210 543 1246 590 ax
1272 525 1376 609 Lydia

182 635 278 702 subse
306 635 482 716 oriundum,
509 634 549 701 ci.
572 635 724 702 Alexand.
748 635 851 701 Aetol.
874 637 908 700 in
931 635 1060 701 Anthol.
1084 636 1188 702 Palat.
1212 636 1275 701 VII
1298 637 1374 705 709.

182 746 238 813 alii
260 745 418 812 Laconem
440 765 512 812 eum
534 745 629 810 fuisse
652 745 829 824 affirmant3
853 746 890 813 cf.
907 746 1032 813 Heracl.
1048 749 1141 813 Pont.
1165 747 1225 831 frg.
1249 748 1318 813 Pol.
1337 750 1368 827 2,

182 856 269 924 Suid.
291 876 316 923 s.
341 877 370 923 v.
389 854 543 942 Ἀλκμάν.
566 861 604 924 de
625 859 735 939 poetae
759 858 864 942 patria
884 857 1033 925 dubitant
1048 859 1215 942 Antipater
1230 860 1373 926 Thessal.

181 969 280 1035 Anth.
304 970 407 1036 Palat.
431 969 495 1033 VII
520 968 570 1049 18,
600 970 752 1035 Leonidas
775 969 937 1035 Tarentin.
962 970 1003 1036 ib.
1028 970 1090 1035 Vll
1115 971 1164 1038 19.
1195 975 1247 1038 sed
1271 972 1299 1037 si
1320 990 1371 1038 re·

182 1081 336 1167 spicimus
359 1099 404 1160 ea,
429 1100 508 1163 quae
531 1081 610 1147 dicit
628 1081 767 1147 Velleius
782 1081 905 1149 Patere.
928 1082 945 1147 I
971 1083 1025 1147 18:
1047 1073 1213 1149 ‘Alcmana
1234 1084 1373 1150 Lacones

181 1193 263 1260 laiso
292 1194 352 1261 sibi
379 1189 571 1274 vindicant',
605 1195 638 1261 et
664 1194 691 1260 si
723 1195 790 1260 eius
818 1194 938 1277 poesim
968 1195 1143 1261 accuratius
1179 1194 1373 1280 inspicimus,

181 1305 269 1372 nulla
290 1307 395 1389 potest
417 1324 483 1377 esse
497 1304 665 1383 dubitatio,
689 1306 765 1388 quin
781 1325 797 1371 e
813 1306 913 1389 Lydia
926 1304 1073 1390 Spartam
1088 1307 1211 1373 venerit
1226 1307 1370 1373 Alcman.

179 1435 271 1499 porro
301 1417 329 1483 si
359 1417 441 1500 apud
464 1416 593 1485 Suidam
622 1417 758 1501 legimus
788 1419 912 1498 patrem
934 1418 1097 1483 Alcmanis
1126 1417 1223 1484 fuisse
1245 1419 1370 1503 Lydum

181 1532 214 1596 et
235 1529 317 1613 apud
340 1527 518 1595 Himerium
542 1547 584 1595 or.
609 1529 647 1604 V,
670 1528 707 1594 3:
733 1525 917 1611 Ἀλκμαίων
947 1527 997 1592 d’o
1019 1528 1081 1611 τὴν
1103 1531 1240 1614 Δώριον
1262 1532 1372 1615 λύραν

180 1641 320 1718 Λυδίοις
352 1644 494 1726 κεράσας
527 1639 672 1729 ᾅσμασιν
703 1640 736 1704 ab
764 1641 845 1724 apud
875 1639 1021 1725 Apollon.
1055 1642 1093 1706 do
1126 1660 1216 1724 pron.
1244 1661 1275 1724 p.
1306 1640 1373 1707 396

176 1751 320 1837 Ἀλκμὰν
343 1761 490 1838 συνεχῶς
512 1753 674 1836 clotilde,
696 1750 922 1838 intellegimus,
947 1771 1007 1835 quo
1022 1753 1113 1819 modo
1136 1752 1205 1819 fieri
1220 1755 1371 1836 potuerit,

180 1868 217 1931 nt
240 1865 304 1931 iam
326 1863 563 1946 antiquissimus
584 1865 676 1948 poeta
699 1863 829 1930 Doricus
852 1863 950 1930 scolia
973 1865 1147 1930 conficeret.
1176 1869 1271 1947 atque
1293 1865 1372 1931 huic

180 1978 225 2043 rei
248 1976 403 2054 convenit,
433 1976 515 2058 quod
537 1975 695 2059 Archytas
718 1976 801 2058 apud
822 1975 940 2044 Athen.
962 1975 1045 2040 XIII
1067 1977 1132 2042 600
1153 1977 1178 2042 F
1201 1980 1232 2041 et
1255 1976 1371 2043 Suidas

179 2066 367 2157 Alcmanem
403 2087 596 2155 inventorem
634 2086 812 2153 carminum
850 2087 1076 2154 amatoriorum
1108 2089 1283 2173 appellant:
1322 2088 1373 2154 dlv

181 2202 337 2286 ἐρωτικὸς
358 2203 448 2265 πάνυ
471 2199 606 2284 εὑρετὴς
627 2202 743 2283 γέγονε
765 2209 832 2264 τῶν
855 2199 1022 2284 ἐρωτικῶν
1044 2202 1163 2286 μελῶν.
1390 2191 1394 2198 ’

283 2341 327 2405 De
350 2335 512 2402 Alcmanis
534 2336 636 2402 aetate
659 2336 834 2420 disputavit
857 2335 973 2402 Theod.
997 2335 1208 2422 Niggemeper
1226 2332 1289 2403 ‘De
1310 2338 1367 2403 Al·

180 2468 291 2517 cmana
313 2451 407 2531 poeta
421 2444 598 2527 Laconico,
622 2447 747 2514 dissert.
770 2448 851 2530 phil.
870 2447 1007 2527 Monast.
1026 2448 1109 2514 1869
1124 2469 1154 2532 p.
1173 2450 1287 2533 1-13,
1316 2451 1369 2533 qui

180 2561 321 2628 floruisse
349 2564 474 2644 poetam
502 2559 574 2625 inde
605 2558 645 2625 ab
675 2561 715 2625 ol.
739 2559 863 2625 XXVII
887 2561 936 2628 vel
958 2559 1049 2624 XXX
1075 2560 1113 2643 (c.
1139 2560 1205 2625 670
1227 2578 1254 2625 a.
1279 2559 1369 2643 Chr.)

179 2674 302 2740 statuit.
325 2675 380 2738 sed
403 2670 589 2738 conferenda
611 2676 695 2751 sunt,
721 2691 799 2754 quae
822 2675 930 2737 contra
944 2671 1212 2756 Niggemeyerum
1234 2670 1372 2755 protulit

180 2782 339 2852 Susamihl
361 2782 396 2848 in
418 2782 537 2851 Annal.
560 2781 671 2866 philol.
695 2783 756 2848 vol.
780 2781 851 2849 clx
877 2783 987 2866 (1874)
1011 2802 1040 2865 p.
1064 2783 1137 2849 661.

283 2921 431 3004 Hartung
453 2923 473 2986 l.
498 2939 523 2985 c.
548 2920 653 2986 V141
678 2939 746 3004 sqq.
770 2920 879 2986 decem
898 2921 1061 2988 Alcmanis
1085 2921 1263 3005 fragmenta
1284 2920 1372 2986 iuter

179 3031 275 3099 seclia
299 3031 445 3098 rettulit.
480 3031 534 3097 sed
568 3031 698 3099 difficile
724 3031 865 3116 proiecto
894 3035 926 3099 et
954 3031 1110 3098 lubricum
1140 3037 1187 3098 est
1214 3053 1231 3098 e
1258 3034 1370 3118 paucis

178 3145 304 3211 tantum
321 3143 434 3222 verbis,
458 3143 572 3226 quibus
596 3143 722 3227 singula
738 3143 916 3226 fragmenta
931 3146 1086 3224 constant,
1111 3145 1258 3210 carminis
1274 3145 1330 3209 nat
1352 3180 1369 3193 ·

56 3305 65 3321 .
179 3275 246 3322 ram
268 3255 405 3333 definire,
428 3254 617 3339 praesertim
638 3254 778 3341 inposta
792 3255 914 3338 Dorico,
938 3257 1026 3322 cuius
1049 3258 1189 3322 carmina
1204 3256 1367 3323 minimam

179 3369 305 3435 tantum
326 3372 448 3450 partem
470 3368 597 3433 fuerunt
619 3367 793 3435 convivalia
814 3367 869 3447 ita,
892 3367 930 3432 ut
952 3368 1054 3434 tutius
1077 3386 1142 3432 esse
1165 3368 1311 3434 videatur
1330 3385 1370 3432 ea

179 3483 342 3565 poetarum
366 3480 551 3546 Doricomm
581 3480 720 3545 carmina
748 3480 815 3545 sola
842 3481 925 3545 inter
953 3478 1050 3545 seclia
1076 3479 1199 3562 referre,
1230 3480 1367 3563 quaein

179 3591 332 3658 conviviis
355 3592 484 3658 cantata
505 3608 574 3658 esse
595 3592 651 3657 aut
672 3595 816 3658 ueterum
838 3590 1030 3658 testimoniis
1053 3593 1109 3656 aut
1130 3589 1288 3675 probabili
1304 3591 1366 3658 ali-

179 3721 241 3786 qua
263 3704 441 3769 coniectura
464 3701 641 3770 confirmari
663 3707 777 3786 potest.

282 3842 435 3908 Attamen
456 3840 552 3907 seclia
573 3840 745 3907 coniecisse
767 3840 955 3906 Alcmanem
976 3839 1056 3905 mihi
1085 3840 1295 3906 certissimum
1320 3843 1370 3904 est

179 3954 272 4035 atque
306 3955 413 4019 eodem
447 3953 550 4031 modo,
584 3971 644 4036 quo
673 3952 891 4036 Terpandrum
920 3951 1070 4019 Aeolibus
1101 3952 1133 4018 et
1160 3951 1367 4035 Pythermum

177 4065 317 4144 Ionibus,
341 4065 388 4131 ita
402 4064 588 4131 Alcmanem
604 4064 739 4130 Doribus
762 4064 938 4130 cantilenas
956 4063 1030 4131 illas
1046 4064 1220 4133 convivales
1237 4082 1253 4128 e
1267 4063 1371 4147 Lydia

177 4176 332 4243 attulisse.
