3120 4966
653 283 867 348 ..35-

153 477 276 558 metro,
306 473 462 557 rhythmo,
486 471 621 538 melodia
644 471 741 537 fuisse
764 470 963 537 coniunctam
986 489 1077 536 nemo
1099 489 1160 537 non
1184 468 1280 555 videt,
1310 474 1352 552 at,
1382 466 1384 471 ⁴

157 584 190 651 si
218 603 237 650 a
262 586 429 651 saltatione
456 582 576 667 cyclica
605 585 743 649 carmina
772 600 887 649 nomen
915 582 1044 649 traxisse
1074 583 1240 663 sumimus,
1269 585 1353 651 carte

138 741 141 746 -
152 715 226 777 ,non
244 713 310 761 ara
333 697 466 780 quadam
490 696 616 761 externa
638 698 732 778 atque
755 695 941 776 adventicia,
964 696 1002 762 ut
1023 696 1119 762 aeolia
1135 717 1151 761 a
1167 696 1352 763 Dicaearchi

163 808 340 894 Dganiique
363 810 531 887 sententia,
555 808 609 872 sed
626 808 693 873 arte
709 824 781 872 oum
797 808 971 885 carminum
985 807 1125 890 ipsorum
1140 806 1173 872 vi
1188 826 1224 877 ac
1239 812 1353 875 natura

157 919 406 986 cohaerenteaa
428 918 588 1002 appellate
610 936 678 983 essa
701 917 930 985 concedendum
953 918 1010 984 est.

267 1030 349 1113 Quid
371 1036 478 1098 autem
507 1031 649 1096 dieamus
678 1029 717 1095 de
746 1029 883 1112 strophis
912 1030 944 1095 at
972 1029 1188 1116 antistrophis,
1217 1049 1351 1114 quarum

161 1161 276 1209 nornen
305 1143 404 1210 simili
431 1146 521 1210 modo
552 1143 590 1207 ab
621 1141 805 1227 [lganioin
835 1141 1096 1225 comparationem
1126 1144 1266 1224 vocatm,
1295 1144 1350 1211 sad

152 1272 235 1321 meo
257 1256 388 1337 quidem
409 1253 524 1321 iudicio
554 1253 747 1319 falsissime?
783 1271 858 1318 nam
885 1253 958 1318 ante
983 1252 1090 1320 omnia
1112 1253 1282 1320 dicendum
1305 1260 1354 1322 ast

165 1383 230 1431 non
252 1368 374 1432 certum
397 1366 555 1449 quoddam
577 1383 702 1433 carmen
725 1364 783 1430 hoc
805 1363 937 1430 indicari
966 1365 1090 1429 nominc
1121 1384 1220 1448 nequa
1248 1367 1354 1450 ipsum

153 1494 290 1543 carmen
313 1478 418 1544 uocari
439 1476 614 1560 stropham,
636 1476 693 1542 sad
707 1475 879 1561 significari
894 1475 1113 1544 tantummodo
1127 1478 1354 1561 proprietatem

159 1588 323 1671 quandam
352 1590 392 1654 ad
420 1588 676 1671 compositionem
710 1589 877 1653 metricam
905 1591 937 1652 et
966 1587 1180 1671 rhythmicam
1213 1593 1355 1657 omnium

161 1700 265 1783 poesis
288 1701 418 1767 Doricae
448 1700 624 1766 carminum
653 1701 874 1782 parcimoniam,
908 1716 970 1775 non
1004 1700 1182 1767 carminum
1215 1704 1355 1785 ipsorum

164 1817 321 1879 naturam.
345 1811 452 1895 itaque
469 1813 547 1877 haec
562 1830 634 1878 oum
649 1811 817 1877 sooliornm
840 1812 966 1877 nomine
989 1829 1167 1895 comparare
1190 1813 1354 1893 nonlicet,

160 1924 314 2007 quoniam
336 1924 464 1989 vocibus
488 1926 635 2009 στροφή,
670 1925 890 2008 ἀντίστροφος
918 1921 996 1989 artis
1025 1923 1172 1990 metricae
1200 1928 1355 1991 terminus

163 2036 221 2117 qui
253 2035 369 2100 dicitur
402 2035 564 2100 technious
599 2035 786 2117 continetur,
822 2053 894 2102 voco
928 2035 1035 2100 autem
1068 2038 1202 2101 σκολιόν
1235 2038 1356 2102 certum

163 2147 269 2229 poesis
297 2166 395 2237 genus
421 2149 615 2232 designatur.
649 2165 729 2230 quae
759 2167 830 2214 cum
859 2147 905 2212 ita
934 2147 1008 2227 sint,
1045 2165 1100 2212 cnr
1127 2146 1204 2213 hacc
1232 2148 1293 2213 duo
1322 2148 1358 2213 in

166 2258 278 2341 primis
306 2260 447 2342 exempla
475 2259 586 2325 afferet
608 2259 709 2344 Ilgen,
741 2262 829 2325 nulla
852 2259 978 2325 omnino
1010 2276 1102 2325 cama
1131 2277 1196 2325 ease
1218 2260 1355 2325 videtur.

164 2370 263 2439 immo
278 2370 357 2437 talia
372 2371 483 2438 efferre
498 2370 632 2437 debehat
647 2371 785 2451 nomina,
810 2372 957 2456 qualibus
972 2390 1071 2456 genus
1086 2371 1186 2456 poesis
1201 2371 1356 2455 quoddam

164 2502 184 2548 e
199 2503 232 2548 re
247 2488 374 2551 externa
389 2489 482 2567 atque
498 2482 675 2551 adventicia
696 2521 739 2532 -
760 2483 794 2549 id
809 2485 892 2567 quod
906 2503 923 2548 e
937 2483 1123 2550 Dicaearchi
1145 2485 1303 2577 sententia
1318 2484 1357 2551 da

162 2595 334 2662 :scoliorum
357 2598 482 2663 nomine
506 2598 711 2663 statuendum
732 2597 838 2663 ast-
852 2596 1045 2679 appellatum
1063 2613 1128 2662 esse
1149 2595 1357 2661 demonstrari

163 2708 285 2789 posset:
297 2726 394 2790 quam
404 2709 442 2774 ob
454 2728 522 2773 rem
534 2712 618 2774 certe
630 2708 747 2773 maiore
760 2709 826 2773 iure
838 2708 904 2774 eius
916 2708 1001 2774 modi
1013 2707 1150 2787 nomina,
1164 2707 1270 2790 qualia
1281 2709 1355 2775 sunt

161 2820 344 2909 τραγῳδία,
360 2820 527 2909 κωμῳδία,
543 2811 782 2904 ὃαφνηφορικᾶ
795 2819 858 2884 alia
868 2819 1034 2903 parmulae,
1048 2837 1229 2884 enumerare
1241 2819 1353 2900 potuit

162 2931 221 2995 sad
237 2930 322 3014 qnid,
346 2948 471 3014 quaeso,
494 2932 521 2997 si
544 2931 584 2997 ad
606 2931 685 2997 talia
708 2931 935 3017 confugiamus,
958 2931 1030 2997 inda
1045 2930 1227 2996 lucremur?
1250 2929 1356 3015 itaqua

165 3041 231 3107 iem
254 3042 420 3108 mittamus
442 3042 522 3108 hane
544 3061 620 3127 rem,
645 3060 707 3126 qua
727 3042 912 3109 Dicaearchi
935 3026 1091 3108 sententia
1113 3060 1212 3123 neque
1243 3040 1356 3106 confir·

165 3158 274 3221 matur
304 3173 403 3238 neque
432 3154 596 3220 refutatur.
627 3154 682 3220 sed
709 3155 764 3238 qui
792 3174 809 3219 a
833 3154 977 3220 Platonis
1007 3155 1202 3237 aliorumque
1231 3153 1356 3236 scriptis

165 3266 352 3349 cognoverit
382 3264 446 3331 fere
476 3284 583 3331 omnes
607 3265 740 3332 Graecos
770 3265 953 3349 disciplinae
983 3264 1120 3332 musicae
1149 3265 1247 3330 fuisse
1276 3263 1358 3348 peri·

163 3376 307 3442 tissimos
331 3379 425 3460 atque
453 3378 517 3443 iam
540 3399 559 3444 a
580 3381 683 3461 pueris
711 3378 744 3443 id
774 3381 899 3445 edoctos
927 3397 1002 3458 esse,
1033 3380 1059 3444 is
1088 3376 1182 3444 facile
1212 3379 1357 3443 concedet

60 3514 65 3520 ·
166 3489 253 3555 haud
287 3491 352 3556 veri
384 3491 522 3557 similem
559 3510 626 3558 esse
659 3491 845 3556 Dicaearchi
883 3492 1080 3569 sententiam,
1118 3490 1173 3573 qui
1216 3488 1355 3556 ordinem

165 3602 301 3668 canendi
324 3601 540 3687 interruptum
561 3606 593 3668 et
617 3603 794 3685 complures
817 3605 964 3668 convivas
986 3602 1019 3667 in
1050 3602 1189 3667 canendo
1216 3603 1357 3685 praeter·

169 3714 281 3780 missos
304 3731 371 3779 esee
392 3713 517 3791 statuit,
540 3715 623 3797 quod
642 3733 733 3780 nemo
755 3713 818 3779 nisi
834 3712 1041 3796 peritissimus
1061 3711 1193 3796 quisque
1212 3710 1358 3793 acolium,

164 3825 348 3890 carminum
381 3826 589 3891 convivalium
617 3843 716 3909 genus
744 3825 824 3891 illud
851 3823 1133 3907 simplicissimum,
1162 3842 1271 3890 canere
1300 3841 1357 3907 po·

168 3937 291 4003 tuisset.
315 3936 374 4002 hoc
395 3937 480 4001 enim
502 3936 728 4018 posterioribus
750 3937 883 4009 fortasse
902 3935 1104 4020 temporibus,
1128 3935 1242 4018 quibus
1257 3935 1357 4001 scotia

166 4048 259 4114 modo
288 4048 380 4132 paulo
410 4045 623 4117 artificiosiore
651 4047 854 4128 canebantur,
885 4049 1006 4130 quade
1029 4050 1192 4130 repostae
1214 4064 1356 4131 egemus,

164 4161 293 4226 evenire
316 4161 448 4243 poteret,
473 4162 526 4227 sed
550 4175 583 4224 ao
605 4159 752 4243 tempore,
783 4177 843 4243 quo
868 4161 981 4229 Graeci
1002 4159 1035 4225 in
1058 4159 1142 4225 artes
1171 4157 1356 4242 litterasque

164 4271 409 4356 diligentissima
433 4268 665 4345 incumbebant
688 4270 721 4335 id
736 4272 819 4337 certe
834 4273 992 4338 rarissime
1014 4270 1183 4337 accidebat.
1206 4287 1286 4352 quae
1308 4288 1357 4336 res

1166 4378 1183 4426 3
1190 4375 1204 4407 t
