3120 4966
679 364 893 428 „14-

179 549 371 616 ¹Strabonem
399 534 480 613 Xlll
508 550 571 616 618
602 551 640 617 C:
670 555 725 616 καὶ
763 553 978 637 Τέρπανδρον
1012 553 1048 616 δὲ
1081 561 1139 634 τής
1172 553 1274 635 αὐτής
1296 574 1376 634 μου·

188 673 284 746 σικής
306 665 456 746 τεχνίτην
478 666 652 746 μεμονέναι
676 667 758 748 φασί
773 667 828 729 καὶ
843 676 900 749 τής
915 666 1017 748 αὐτῆς
1031 665 1149 747 νήσου,
1172 664 1230 728 τὸν
1245 673 1378 749 πρῶτον

190 775 264 837 άντλ
287 782 344 856 τῆς
366 770 589 858 τετραχόρδου
605 777 914 865 λύραςέπταχόρδῳ
930 781 1149 862 χρησάμενον,
1173 781 1325 860 καθάπερ
1341 775 1378 838 ἐν

186 896 257 962 τοῖς
280 888 544 970 ἀναφερομένοις
566 888 678 952 ἔπεσιν
701 890 748 965 είς
770 890 874 953 αὐτὸν
896 891 1034 972 λέγεται·

342 999 396 1063 σοὶ
418 999 448 1062 δ’
472 999 565 1082 ήμεῑς
586 1003 792 1084 τετράχηρυν
815 1003 1081 1085 ἀποστρέψαντες
1103 999 1223 1081 άοιδήν

343 1111 510 1200 ἑπτατόνῳ
535 1113 693 1196 φόρμιγγι
715 1115 814 1189 νέους
834 1112 1059 1195 κελαδήσομεν
1081 1107 1252 1193 ὕμνουςῧ).

188 1240 262 1285 nam
284 1223 451 1302 quominus
467 1221 525 1287 hoc
541 1223 730 1299 statuamus,
753 1222 943 1304 impedimur
960 1223 1075 1288 diserte
1090 1220 1271 1286 Aristotelis
1286 1222 1377 1287 testi·

176 1332 294 1423 menie
318 1351 410 1415 supro
434 1333 542 1412 allate,
558 1334 625 1416 ·qui
655 1337 779 1416 septem
800 1316 992 1400 chordarum
1007 1353 1101 1400 usum
1122 1332 1376 1419 perantiquump

188 1462 258 1507 esse
297 1444 411 1523 tradit,
453 1444 582 1527 aliisque
619 1447 739 1530 causis,
779 1464 855 1529 quas
887 1446 1087 1511 enumeratas
1122 1443 1263 1512 invenies
1295 1445 1378 1529 apud

190 1554 425 1621 Volkmannum
454 1556 487 1621 in
516 1559 740 1623 commentario
764 1559 804 1623 ad
827 1558 990 1624 Plutarchi
1020 1557 1167 1623 libellum
1196 1558 1234 1622 de
1256 1557 1378 1623 musica

186 1686 219 1750 p.
244 1665 284 1730 78
309 1685 375 1749 sqq.
420 1668 559 1733 ceterum
582 1669 800 1751 Terpandrum
824 1684 842 1734 a
863 1668 971 1753 Lydis,
994 1669 1031 1734 ut
1052 1671 1184 1753 apparet
1206 1690 1223 1734 e
1245 1669 1376 1734 Pindari

184 1779 303 1856 uerbis,
339 1778 493 1844 citharam
518 1780 720 1847 exculticrem
743 1784 909 1864 recepisse,
944 1799 1007 1844 nen
1036 1785 1083 1846 est
1106 1781 1187 1864 q'ued
1208 1781 1377 1865 miremur3

190 1908 264 1954 nam
287 1893 398 1974 gentes
423 1891 574 1974 Asianus,
597 1894 629 1957 in
652 1893 763 1976 primis
786 1894 887 1976 Lydus
911 1898 993 1959 artes
1015 1895 1151 1959 musicas
1174 1893 1260 1975 prius
1282 1911 1376 1976 quam

158 2086 163 2095 ,
190 2001 330 2068 Graecus
355 2005 524 2069 excoluisse
547 2006 657 2068 notum
680 2006 728 2069 est
738 2003 788 2088 ¹⁰).

297 2115 341 2180 At
362 2115 487 2181 Bceckh
509 2114 548 2180 ad
572 2116 784 2199 fragmentum
808 2116 951 2191 Pindari,
982 2116 1020 2180 de
1042 2135 1103 2199 que
1127 2117 1264 2199 agimus,
1300 2117 1376 2182 haee

188 2226 369 2292 adnotavit:
394 2223 447 2292 ‘In
477 2227 533 2292 hcc
556 2227 732 2310 fragmento
755 2229 860 2311 agitur
883 2229 921 2292 de
943 2229 1058 2292 fidibus
1082 2248 1100 2294 a
1123 2230 1300 2312 Terpandre
1323 2247 1375 2293 er-

185 2476 187 2481 ’
295 2469 315 2534 ⁸)
335 2470 370 2522 cf.
389 2467 472 2521 etiem
496 2465 601 2520 Euclid.
625 2464 724 2518 introd.
748 2466 836 2520 herm.
860 2481 887 2534 p.
908 2469 940 2517 19
958 2465 1048 2532 Mein,
1071 2463 1154 2520 Clam.
1178 2464 1254 2519 Alex.
1277 2464 1375 2519 Strcm.

187 2562 230 2618 -v1
247 2579 274 2631 p.
294 2567 344 2617 685
363 2561 383 2616 C
403 2561 475 2630 Sylb.

296 2658 315 2726 ⁹)
334 2655 426 2710 Etiam
444 2654 621 2709 Nicomachus
640 2655 670 2710 11
688 2671 712 2723 p.
734 2659 767 2707 29
785 2654 840 2709 iam
862 2654 1024 2709 Mercurium
1043 2654 1132 2724 lyram
1150 2653 1377 2723 septemchordem

190 2751 326 2805 invenisse
344 2751 431 2805 tradit
448 2753 567 2819 respecto
586 2751 644 2804 sine
663 2749 745 2804 dubio
763 2767 793 2804 ee
811 2766 898 2814 versu,
921 2749 968 2818 qui
987 2752 1029 2804 est
1046 2750 1142 2818 hymni
1165 2749 1195 2802 in
1214 2749 1376 2823 Mercurium

188 2845 430 2914 quinquagesimus
443 2845 552 2914 primus.
571 2844 669 2912 quibus
681 2844 748 2897 adde
760 2860 829 2912 quae
841 2844 939 2897 Athen.
952 2844 1018 2899 XIV
1027 2847 1076 2897 635
1090 2843 1112 2896 F
1125 2843 1207 2897 dicit:
1225 2843 1378 2912 Εὐφορίων

189 2956 219 2991 τε
238 2937 267 2991 ἐν
283 2938 324 3008 τῷ
340 2939 404 3007 περὶ
425 2933 557 3005 Ἰσθμίων
579 2937 614 2989 τὰ
638 2937 793 3006 πολύχορδά
820 2955 889 3005 φησι
913 2943 971 2990 τῶν
999 2935 1123 3006 ὀργάνων
1150 2935 1267 3006 ὀνόμασι
1292 2937 1378 3006 μόνον

188 3035 388 3103 παρηλλάχθαι·
407 3035 584 3102 παμπάλαιον
602 3033 721 3086 δἀὐτῶν
739 3026 877 3100 εἶναιτὴν
894 3032 997 3101 χρήσιν.

298 3131 329 3198 ¹⁰)
348 3130 421 3183 Plut.
446 3129 564 3183 demus.
588 3145 611 3183 c.
636 3134 665 3181 6:
689 3125 791 3196 ἐκλήθη
810 3127 836 3179 δ’
857 3123 945 3188 Ἀσιάς
969 3129 1037 3197 (scil.
1061 3126 1078 3197 ή
1102 3129 1206 3197 κιθάρα
1229 3129 1379 3196 Κηπίωνος

189 3229 240 3276 τοῦ
260 3224 440 3293 Τερπάνδρου
457 3227 598 3293 μαθητοῦ)
617 3223 665 3275 διὰ
681 3222 712 3275 τὸ
731 3222 882 3292 κεχρῆσθαι
897 3223 964 3283 τοὺς
973 3224 1108 3293 Λεσβίους
1120 3223 1191 3293 αὐτῇ
1202 3222 1380 3292 κιθαρῳδοὺς

189 3318 260 3386 πρὸς
277 3319 311 3388 τῇ
332 3316 403 3387 Ἀσίῳ
427 3322 631 3379 κατοικοῦντας.
650 3320 732 3374 schol.
751 3319 873 3388 Apellen.
892 3319 923 3373 II
942 3324 1006 3372 777:
1027 3315 1116 3371 Ἀσίαν
1139 3314 1169 3370 δὲ
1186 3316 1311 3371 ἐνταῦθα
1328 3316 1378 3385 τήν

189 3413 297 3465 Λυδίαν
316 3414 408 3486 φησίν.
429 3415 500 3467 οὕτω
520 3413 571 3484 γὰρ
589 3412 709 3482 ήΛυδία
726 3413 860 3483 πρότερον
878 3411 1006 3466 ἐκαλεῖτο.
1026 3413 1068 3465 διὸ
1087 3413 1134 3466 καὶ
1151 3410 1168 3480 ἡ
1187 3412 1292 3480 κιθάρα
1307 3408 1379 3464 Ἀσία

189 3504 294 3578 ἐκλήθη
313 3509 360 3561 διά
377 3507 408 3561 τὸ
427 3506 457 3561 ἐν
474 3509 509 3579 τῇ
525 3509 616 3577 Λυδίη
633 3514 744 3578 πρῶτον
762 3508 970 3578 aimiricum.
989 3512 1126 3578 praeterea
1145 3507 1204 3563 Car.
1222 3509 1254 3561 de
1266 3507 1329 3570 Jan.
1347 3507 1379 3562 de

190 3596 292 3657 fidibus
311 3603 401 3660 Graec.
421 3621 447 3673 p.
469 3610 514 3659 10:
535 3604 655 3671 „cithara
673 3621 727 3658 nen
744 3621 761 3658 a
779 3602 888 3658 Graecis
907 3603 982 3673 ipsis,
1002 3602 1048 3656 sed
1067 3619 1083 3656 a
1102 3602 1229 3672 gentibus
1247 3602 1376 3657 Asiaticis

193 3726 227 3738 -
245 3700 356 3753 sortasse
374 3699 456 3768 Lydis
476 3730 508 3740 -
527 3700 639 3754 inventa
657 3702 707 3754 ast.
725 3699 786 3753 vide
806 3698 894 3768 Etym.
914 3699 1005 3767 Magn.
1027 3714 1048 3750 s.
1068 3713 1093 3752 v.
1113 3692 1243 3757 Ἀσιατίς·
1262 3697 1378 3756 άσιάδος

195 3792 257 3860 (sic)
277 3793 319 3862 [at
336 3795 408 3847 reete
425 3809 454 3847 se
471 3793 500 3847 id
518 3794 611 3862 habet,
629 3795 652 3848 si
665 3793 806 3848 Plutarchi
818 3795 907 3848 lucum
918 3792 997 3846 mode
1011 3794 1248 3845 commemoratum
1266 3791 1379 3859 respici·

190 3887 261 3956 mus]
280 3887 421 3955 κρούματα
444 3890 494 3957 τῆς
510 3889 630 3958 κιθάρας
647 3890 738 3948 οὕτως
757 3883 953 3956 Ἀριστοφάνης
972 3880 1031 3939 εἷπε
1049 3887 1190 3957 παρῳδῶν
1207 3885 1238 3938 τὸ
1257 3883 1286 3950 ἐξ
1302 3881 1377 3955 Ἐρε-

192 3981 283 4050 χθέως
300 3981 462 4051 moramve.
481 3981 498 4050 ἡ
515 3983 658 4052 τρίχορδος
676 3983 711 4051 (i)
730 3984 835 4052 κιθάρα
860 3984 933 4035 οὕτω
958 3984 1087 4035 καλεῖται.
1106 3982 1212 4051 εἴρηται
1232 3979 1271 4050 δὲ,
1289 3977 1333 4034 ὅτι
1350 3978 1380 4033 ἐν

189 4071 264 4145 Ἀσίῳ
280 4078 315 4148 τῇ
332 4077 409 4131 πόλει
425 4077 475 4146 τῆς
486 4077 592 4137 Λυδίας
608 4077 717 4149 κειμένη
735 4074 765 4130 ἐν
779 4077 886 4148 Τμώλῳ
905 4082 1017 4155 πρῶτον
1034 4076 1145 4147 εὑρέθη.
1165 4107 1196 4117 -
1216 4077 1259 4130 Ab
1271 4077 1379 4131 Asianis

193 4173 309 4227 Graecos
330 4175 459 4243 recepisse
476 4173 609 4228 citharam
627 4172 771 4228 admodum
790 4172 938 4227 verisimile
956 4175 996 4227 est
1014 4173 1098 4226 etiam
1115 4170 1182 4237 ideo,
1201 4154 1274 4240 qued
1292 4174 1380 4227 exstat

191 4267 221 4320 in
246 4267 328 4322 sacris
350 4267 429 4323 libris
452 4267 552 4322 nestris
575 4267 672 4322 Daniel
696 4274 720 4334 3,
745 4275 761 4321 d
780 4283 837 4337 sqq.
861 4283 911 4322 uox
935 4268 1053 4324 caldaiea
1078 4266 1273 4336 KI'l'HAROS,
1297 4285 1379 4338 qnam

192 4361 289 4417 Graeci
307 4380 360 4418 una
378 4380 438 4419 eum
457 4363 507 4417 illa
525 4363 653 4433 recepisse
671 4363 824 4418 videntur.“
1268 4368 1270 4372 ’
