<?xml version="1.0" encoding="UTF-8"?>
<!DOCTYPE html PUBLIC "-//W3C//DTD XHTML 1.0 Transitional//EN"
    "http://www.w3.org/TR/xhtml1/DTD/xhtml1-transitional.dtd">
<html xmlns="http://www.w3.org/1999/xhtml" xml:lang="en" lang="en">
 <head>
  <title>
</title>
<meta http-equiv="Content-Type" content="text/html;charset=utf-8" />
  <meta name='ocr-system' content='tesseract 3.04.00' />
  <meta name='ocr-capabilities' content='ocr_page ocr_carea ocr_par ocr_line ocrx_word'/>
</head>
<body>
  <div class='ocr_page' id='page_1' title='image "./descoliorumpoes00engegoog_0083.png"; bbox 0 0 3120 4966; ppageno 0'>
   <div class='ocr_carea' id='block_1_1' title="bbox 694 303 908 366">
    <p class='ocr_par' dir='ltr' id='par_1_1' title="bbox 694 303 908 366">
     <span class='ocr_line' id='line_1_1' title="bbox 694 303 908 366; baseline 0 -15"><span class='ocrx_word' id='word_1_1' title='bbox 694 303 908 366; x_wconf 72' lang='grc'><strong><em>,74-</em></strong></span> 
     </span>
    </p>
   </div>
   <div class='ocr_carea' id='block_1_2' title="bbox 209 488 1476 3040">
    <p class='ocr_par' dir='ltr' id='par_1_2' title="bbox 209 488 1430 1250">
     <span class='ocr_line' id='line_1_2' title="bbox 313 488 1396 579; baseline -0.009 -17"><span class='ocrx_word' id='word_1_2' title='bbox 313 494 376 562; x_wconf 77' lang='lat' dir='ltr'><strong><em>Our</em></strong></span> <span class='ocrx_word' id='word_1_3' title='bbox 398 498 554 579; x_wconf 78' lang='lat' dir='ltr'><strong>myrteam</strong></span> <span class='ocrx_word' id='word_1_4' title='bbox 576 493 719 559; x_wconf 82' lang='lat' dir='ltr'><strong>trondem</strong></span> <span class='ocrx_word' id='word_1_5' title='bbox 742 490 925 575; x_wconf 81' lang='lat' dir='ltr'>gestaverit,</span> <span class='ocrx_word' id='word_1_6' title='bbox 949 491 1003 574; x_wconf 91' lang='lat' dir='ltr'><strong><em>qui</em></strong></span> <span class='ocrx_word' id='word_1_7' title='bbox 1019 490 1097 558; x_wconf 88' lang='lat' dir='ltr'><strong>forte</strong></span> <span class='ocrx_word' id='word_1_8' title='bbox 1119 488 1262 568; x_wconf 84' lang='lat' dir='ltr'><strong>canebat,</strong></span> <span class='ocrx_word' id='word_1_9' title='bbox 1286 488 1396 553; x_wconf 90' lang='lat' dir='ltr'><strong>docere</strong></span> 
     </span>
     <span class='ocr_line' id='line_1_3' title="bbox 211 601 1397 689; baseline -0.008 -15"><span class='ocrx_word' id='word_1_10' title='bbox 211 608 318 675; x_wconf 86' lang='lat' dir='ltr'><strong>studet</strong></span> <span class='ocrx_word' id='word_1_11' title='bbox 342 607 549 673; x_wconf 75' lang='lat' dir='ltr'><strong>Dicaearchus</strong></span> <span class='ocrx_word' id='word_1_12' title='bbox 572 603 655 689; x_wconf 89' lang='lat' dir='ltr'><strong>apud</strong></span> <span class='ocrx_word' id='word_1_13' title='bbox 678 602 775 670; x_wconf 79' lang='lat' dir='ltr'><strong>schol.</strong></span> <span class='ocrx_word' id='word_1_14' title='bbox 793 602 890 669; x_wconf 84' lang='lat' dir='ltr'><strong>Arist.</strong></span> <span class='ocrx_word' id='word_1_15' title='bbox 914 602 999 667; x_wconf 91' lang='lat' dir='ltr'><strong>Nub.</strong></span> <span class='ocrx_word' id='word_1_16' title='bbox 1022 601 1170 668; x_wconf 83' lang='lat' dir='ltr'>v.1364:</span> <span class='ocrx_word' id='word_1_17' title='bbox 1195 604 1397 684; x_wconf 86' lang='grc' dir='ltr'><strong><em>Δικαίαρχος</em></strong></span> 
     </span>
     <span class='ocr_line' id='line_1_4' title="bbox 210 712 1430 806; baseline -0.008 -21"><span class='ocrx_word' id='word_1_18' title='bbox 210 720 247 785; x_wconf 80' lang='grc' dir='ltr'><strong><em>ἐν</em></strong></span> <span class='ocrx_word' id='word_1_19' title='bbox 268 724 313 806; x_wconf 77' lang='grc' dir='ltr'><strong><em>τῷ</em></strong></span> <span class='ocrx_word' id='word_1_20' title='bbox 337 721 413 803; x_wconf 78' lang='grc' dir='ltr'><strong><em>περὶ</em></strong></span> <span class='ocrx_word' id='word_1_21' title='bbox 434 726 604 801; x_wconf 80' lang='grc' dir='ltr'><strong><em>μουσικῶν</em></strong></span> <span class='ocrx_word' id='word_1_22' title='bbox 627 718 785 799; x_wconf 78' lang='grc' dir='ltr'><em>ἀγώνων·</em></span> <span class='ocrx_word' id='word_1_23' title='bbox 808 716 856 780; x_wconf 86' lang='grc' dir='ltr'><strong><em>ἔτι</em></strong></span> <span class='ocrx_word' id='word_1_24' title='bbox 879 716 915 779; x_wconf 81' lang='grc' dir='ltr'><strong><em>δὲ</em></strong></span> <span class='ocrx_word' id='word_1_25' title='bbox 937 716 1053 779; x_wconf 88' lang='grc' dir='ltr'><strong><em>κοινόν</em></strong></span> <span class='ocrx_word' id='word_1_26' title='bbox 1069 738 1101 779; x_wconf 91' lang='grc' dir='ltr'><strong><em>τι</em></strong></span> <span class='ocrx_word' id='word_1_27' title='bbox 1115 712 1225 790; x_wconf 80' lang='grc' dir='ltr'><strong><em>πάθος</em></strong></span> <span class='ocrx_word' id='word_1_28' title='bbox 1243 715 1396 796; x_wconf 85' lang='grc' dir='ltr'><strong><em>φαίνεται</em></strong></span> <span class='ocrx_word' id='word_1_29' title='bbox 1428 779 1430 784; x_wconf 88' lang='lat'><em>.</em></span> 
     </span>
     <span class='ocr_line' id='line_1_5' title="bbox 211 828 1396 912; baseline -0.008 -15"><span class='ocrx_word' id='word_1_30' title='bbox 211 834 478 897; x_wconf 79' lang='grc' dir='ltr'><strong><em>συνακολουθεῖν</em></strong></span> <span class='ocrx_word' id='word_1_31' title='bbox 511 839 581 905; x_wconf 85' lang='grc' dir='ltr'><strong><em>τοῖς</em></strong></span> <span class='ocrx_word' id='word_1_32' title='bbox 609 829 832 912; x_wconf 77' lang='grc' dir='ltr'><strong><em>διερχομένοις</em></strong></span> <span class='ocrx_word' id='word_1_33' title='bbox 868 832 932 892; x_wconf 83' lang='grc' dir='ltr'><strong><em>εἴτε</em></strong></span> <span class='ocrx_word' id='word_1_34' title='bbox 962 828 1043 911; x_wconf 81' lang='grc' dir='ltr'><strong><em>μετὰ</em></strong></span> <span class='ocrx_word' id='word_1_35' title='bbox 1072 829 1192 910; x_wconf 79' lang='grc' dir='ltr'><strong><em>μέλους</em></strong></span> <span class='ocrx_word' id='word_1_36' title='bbox 1222 831 1285 891; x_wconf 87' lang='grc' dir='ltr'><strong><em>εἴτε</em></strong></span> <span class='ocrx_word' id='word_1_37' title='bbox 1315 829 1396 890; x_wconf 82' lang='grc' dir='ltr'><strong><em>ἄνευ</em></strong></span> 
     </span>
     <span class='ocr_line' id='line_1_6' title="bbox 210 929 1397 1027; baseline -0.006 -17"><span class='ocrx_word' id='word_1_38' title='bbox 210 946 346 1027; x_wconf 84' lang='grc' dir='ltr'><strong><em>μέλους,</em></strong></span> <span class='ocrx_word' id='word_1_39' title='bbox 373 943 507 1025; x_wconf 86' lang='grc' dir='ltr'><strong><em>ἔχοντάς</em></strong></span> <span class='ocrx_word' id='word_1_40' title='bbox 529 965 560 1005; x_wconf 90' lang='grc' dir='ltr'><strong><em>τι</em></strong></span> <span class='ocrx_word' id='word_1_41' title='bbox 582 940 619 1005; x_wconf 87' lang='grc' dir='ltr'><strong><em>έν</em></strong></span> <span class='ocrx_word' id='word_1_42' title='bbox 641 944 681 1026; x_wconf 78' lang='grc' dir='ltr'><strong><em>τη</em></strong></span> <span class='ocrx_word' id='word_1_43' title='bbox 703 942 787 1024; x_wconf 81' lang='grc' dir='ltr'><strong><em>χειρὶ</em></strong></span> <span class='ocrx_word' id='word_1_44' title='bbox 808 943 980 1005; x_wconf 80' lang='grc' dir='ltr'><strong><em>ποιεῖσθαι</em></strong></span> <span class='ocrx_word' id='word_1_45' title='bbox 1001 939 1062 1021; x_wconf 78' lang='grc' dir='ltr'><strong><em>τὴν</em></strong></span> <span class='ocrx_word' id='word_1_46' title='bbox 1085 929 1273 1023; x_wconf 77' lang='grc' dir='ltr'><strong><em>ἀφήγησιν·</em></strong></span> <span class='ocrx_word' id='word_1_47' title='bbox 1308 939 1397 1003; x_wconf 81' lang='grc' dir='ltr'><strong><em>οἵτε</em></strong></span> 
     </span>
     <span class='ocr_line' id='line_1_7' title="bbox 209 1049 1398 1141; baseline -0.004 -22"><span class='ocrx_word' id='word_1_48' title='bbox 209 1058 273 1138; x_wconf 76' lang='grc' dir='ltr'><strong><em>γὰρ</em></strong></span> <span class='ocrx_word' id='word_1_49' title='bbox 300 1049 438 1141; x_wconf 75' lang='grc' dir='ltr'><strong><em>ᾅδοντες</em></strong></span> <span class='ocrx_word' id='word_1_50' title='bbox 459 1053 496 1117; x_wconf 82' lang='grc' dir='ltr'><strong><em>ἐν</em></strong></span> <span class='ocrx_word' id='word_1_51' title='bbox 518 1062 587 1127; x_wconf 85' lang='grc' dir='ltr'><strong><em>τοῖς</em></strong></span> <span class='ocrx_word' id='word_1_52' title='bbox 616 1055 813 1136; x_wconf 84' lang='grc' dir='ltr'><strong><em>συμποσίοις</em></strong></span> <span class='ocrx_word' id='word_1_53' title='bbox 841 1050 877 1115; x_wconf 81' lang='grc' dir='ltr'><strong><em>ἐκ</em></strong></span> <span class='ocrx_word' id='word_1_54' title='bbox 899 1053 1041 1127; x_wconf 85' lang='grc' dir='ltr'><strong><em>παλαιάς</em></strong></span> <span class='ocrx_word' id='word_1_55' title='bbox 1066 1073 1157 1127; x_wconf 90' lang='grc' dir='ltr'><strong><em>τινος</em></strong></span> <span class='ocrx_word' id='word_1_56' title='bbox 1183 1051 1398 1136; x_wconf 78' lang='grc' dir='ltr'><strong><em>παραδόσεως</em></strong></span> 
     </span>
     <span class='ocr_line' id='line_1_8' title="bbox 213 1158 1110 1250; baseline -0.004 -20"><span class='ocrx_word' id='word_1_57' title='bbox 213 1170 323 1230; x_wconf 79' lang='grc' dir='ltr'><strong><em>κλῶνα</em></strong></span> <span class='ocrx_word' id='word_1_58' title='bbox 346 1165 476 1247; x_wconf 92' lang='grc' dir='ltr'><strong><em>δάφνης</em></strong></span> <span class='ocrx_word' id='word_1_59' title='bbox 501 1164 521 1246; x_wconf 78' lang='grc' dir='ltr'><em>ἢ</em></span> <span class='ocrx_word' id='word_1_60' title='bbox 545 1167 708 1249; x_wconf 78' lang='grc' dir='ltr'><strong><em>μυρρίνης</em></strong></span> <span class='ocrx_word' id='word_1_61' title='bbox 729 1164 885 1245; x_wconf 80' lang='grc' dir='ltr'><strong><em>λαβόντες</em></strong></span> <span class='ocrx_word' id='word_1_62' title='bbox 908 1158 1110 1250; x_wconf 46' lang='grc' dir='ltr'><strong><em>ᾅδονσινδθ)</em></strong></span> 
     </span>
    </p>

    <p class='ocr_par' dir='ltr' id='par_1_3' title="bbox 209 1250 1476 1804">
     <span class='ocr_line' id='line_1_9' title="bbox 313 1250 1476 1342; baseline -0.002 -2"><span class='ocrx_word' id='word_1_63' title='bbox 313 1273 470 1342; x_wconf 89' lang='lat' dir='ltr'><strong>Pocnlum</strong></span> <span class='ocrx_word' id='word_1_64' title='bbox 503 1276 600 1340; x_wconf 86' lang='lat' dir='ltr'><strong>etiam</strong></span> <span class='ocrx_word' id='word_1_65' title='bbox 629 1275 850 1340; x_wconf 86' lang='lat' dir='ltr'><strong>circumlatum</strong></span> <span class='ocrx_word' id='word_1_66' title='bbox 883 1293 951 1338; x_wconf 90' lang='lat' dir='ltr'><strong>esse</strong></span> <span class='ocrx_word' id='word_1_67' title='bbox 978 1274 1060 1339; x_wconf 90' lang='lat' dir='ltr'><strong>inter</strong></span> <span class='ocrx_word' id='word_1_68' title='bbox 1088 1274 1395 1339; x_wconf 80' lang='lat' dir='ltr'><strong>scoliorum&#39;recita·</strong></span> <span class='ocrx_word' id='word_1_69' title='bbox 1467 1250 1476 1261; x_wconf 41' lang='grc'><strong>’</strong></span> 
     </span>
     <span class='ocr_line' id='line_1_10' title="bbox 211 1383 1398 1474; baseline -0.002 -22"><span class='ocrx_word' id='word_1_70' title='bbox 211 1387 340 1466; x_wconf 85' lang='lat' dir='ltr'><strong>tionem,</strong></span> <span class='ocrx_word' id='word_1_71' title='bbox 365 1388 414 1452; x_wconf 91' lang='lat' dir='ltr'><strong><em>oui</em></strong></span> <span class='ocrx_word' id='word_1_72' title='bbox 436 1404 550 1452; x_wconf 91' lang='lat' dir='ltr'><strong>nomen</strong></span> <span class='ocrx_word' id='word_1_73' title='bbox 573 1389 639 1451; x_wconf 89' lang='lat' dir='ltr'><strong>erat</strong></span> <span class='ocrx_word' id='word_1_74' title='bbox 661 1383 757 1474; x_wconf 72' lang='grc' dir='ltr'><strong><em>ᾠδός,</em></strong></span> <span class='ocrx_word' id='word_1_75' title='bbox 781 1388 917 1452; x_wconf 88' lang='lat' dir='ltr'><strong>testatur</strong></span> <span class='ocrx_word' id='word_1_76' title='bbox 937 1386 1053 1451; x_wconf 84' lang='lat' dir='ltr'><strong>Athen.</strong></span> <span class='ocrx_word' id='word_1_77' title='bbox 1069 1387 1116 1451; x_wconf 89' lang='lat' dir='ltr'><strong><em>XI</em></strong></span> <span class='ocrx_word' id='word_1_78' title='bbox 1131 1386 1195 1450; x_wconf 82' lang='lat'><strong><em>503</em></strong></span> <span class='ocrx_word' id='word_1_79' title='bbox 1212 1387 1252 1451; x_wconf 75' lang='lat' dir='ltr'><strong><em>lo:</em></strong></span> <span class='ocrx_word' id='word_1_80' title='bbox 1274 1383 1398 1462; x_wconf 78' lang='grc' dir='ltr'><strong><em>Ὡιδός·</em></strong></span> 
     </span>
     <span class='ocr_line' id='line_1_11' title="bbox 211 1494 1399 1582; baseline -0.002 -18"><span class='ocrx_word' id='word_1_81' title='bbox 211 1501 317 1576; x_wconf 80' lang='grc' dir='ltr'><strong><em>οὕτως</em></strong></span> <span class='ocrx_word' id='word_1_82' title='bbox 339 1500 484 1565; x_wconf 78' lang='grc' dir='ltr'><strong><em>ἐκαλεῖτο</em></strong></span> <span class='ocrx_word' id='word_1_83' title='bbox 508 1501 544 1564; x_wconf 87' lang='grc' dir='ltr'><strong><em>τὸ</em></strong></span> <span class='ocrx_word' id='word_1_84' title='bbox 565 1499 734 1582; x_wconf 80' lang='grc' dir='ltr'><strong><em>ποτήριον,</em></strong></span> <span class='ocrx_word' id='word_1_85' title='bbox 759 1500 842 1582; x_wconf 78' lang='grc' dir='ltr'><strong><em>φησὶ</em></strong></span> <span class='ocrx_word' id='word_1_86' title='bbox 860 1501 1006 1582; x_wconf 83' lang='grc' dir='ltr'><strong><em>Τρύφων</em></strong></span> <span class='ocrx_word' id='word_1_87' title='bbox 1027 1499 1064 1562; x_wconf 82' lang='grc' dir='ltr'><strong><em>έν</em></strong></span> <span class='ocrx_word' id='word_1_88' title='bbox 1085 1494 1399 1581; x_wconf 84' lang='grc' dir='ltr'><strong><em>τοῑςΌνοματικοῐς,</em></strong></span> 
     </span>
     <span class='ocr_line' id='line_1_12' title="bbox 209 1609 1399 1699; baseline -0.001 -23"><span class='ocrx_word' id='word_1_89' title='bbox 209 1613 246 1676; x_wconf 90' lang='grc' dir='ltr'><strong><em>τὸ</em></strong></span> <span class='ocrx_word' id='word_1_90' title='bbox 270 1610 323 1676; x_wconf 79' lang='grc' dir='ltr'><strong><em>ἐπὶ</em></strong></span> <span class='ocrx_word' id='word_1_91' title='bbox 344 1616 389 1699; x_wconf 79' lang='grc' dir='ltr'><strong><em>τῷ</em></strong></span> <span class='ocrx_word' id='word_1_92' title='bbox 413 1615 534 1699; x_wconf 79' lang='grc' dir='ltr'><strong><em>σκολιῷ</em></strong></span> <span class='ocrx_word' id='word_1_93' title='bbox 558 1611 750 1695; x_wconf 88' lang='grc' dir='ltr'><strong><em>διδόμενον,</em></strong></span> <span class='ocrx_word' id='word_1_94' title='bbox 779 1609 833 1685; x_wconf 85' lang='grc' dir='ltr'><strong><em>ὡς</em></strong></span> <span class='ocrx_word' id='word_1_95' title='bbox 846 1609 1041 1693; x_wconf 84' lang='grc' dir='ltr'><strong><em>Ἀντιφάνης</em></strong></span> <span class='ocrx_word' id='word_1_96' title='bbox 1062 1614 1260 1695; x_wconf 79' lang='grc' dir='ltr'><strong><em>παρίστησιν</em></strong></span> <span class='ocrx_word' id='word_1_97' title='bbox 1282 1611 1319 1675; x_wconf 83' lang='grc' dir='ltr'><strong><em>ἐν</em></strong></span> <span class='ocrx_word' id='word_1_98' title='bbox 1339 1615 1399 1675; x_wconf 88' lang='grc' dir='ltr'><strong><em>Δι-</em></strong></span> 
     </span>
     <span class='ocr_line' id='line_1_13' title="bbox 209 1723 633 1804; baseline 0 -17"><span class='ocrx_word' id='word_1_99' title='bbox 209 1726 361 1800; x_wconf 87' lang='grc' dir='ltr'><strong><em>πλασίοις</em></strong></span> <span class='ocrx_word' id='word_1_100' title='bbox 385 1723 434 1804; x_wconf 82' lang='lat' dir='ltr'><strong>(fr.</strong></span> <span class='ocrx_word' id='word_1_101' title='bbox 460 1727 476 1787; x_wconf 92' lang='lat'>1</span> <span class='ocrx_word' id='word_1_102' title='bbox 500 1724 633 1801; x_wconf 85' lang='lat' dir='ltr'><strong>Mein.):</strong></span> 
     </span>
    </p>

    <p class='ocr_par' dir='ltr' id='par_1_4' title="bbox 363 1824 1126 1916">
     <span class='ocr_line' id='line_1_14' title="bbox 363 1824 1126 1916; baseline 0 -18"><span class='ocrx_word' id='word_1_103' title='bbox 363 1838 396 1898; x_wconf 88' lang='grc' dir='ltr'><strong><em>τί</em></strong></span> <span class='ocrx_word' id='word_1_104' title='bbox 418 1824 480 1900; x_wconf 83' lang='grc' dir='ltr'><strong><em>οὖν</em></strong></span> <span class='ocrx_word' id='word_1_105' title='bbox 502 1835 632 1899; x_wconf 83' lang='grc' dir='ltr'><strong><em>ἐνέσται</em></strong></span> <span class='ocrx_word' id='word_1_106' title='bbox 653 1845 723 1911; x_wconf 87' lang='grc' dir='ltr'><strong><em>τοῖς</em></strong></span> <span class='ocrx_word' id='word_1_107' title='bbox 745 1839 892 1912; x_wconf 63' lang='lat' dir='ltr'><strong>decidam</strong></span> <span class='ocrx_word' id='word_1_108' title='bbox 916 1838 952 1898; x_wconf 90' lang='grc' dir='ltr'><strong><em>Β.</em></strong></span> <span class='ocrx_word' id='word_1_109' title='bbox 977 1835 1057 1898; x_wconf 83' lang='grc' dir='ltr'><strong><em>οὐδὲ</em></strong></span> <span class='ocrx_word' id='word_1_110' title='bbox 1079 1835 1126 1916; x_wconf 81' lang='grc' dir='ltr'><strong><em>έν,</em></strong></span> 
     </span>
    </p>

    <p class='ocr_par' dir='ltr' id='par_1_5' title="bbox 363 1941 1222 2032">
     <span class='ocr_line' id='line_1_15' title="bbox 363 1941 1222 2032; baseline 0 -22"><span class='ocrx_word' id='word_1_111' title='bbox 363 1946 405 2010; x_wconf 77' lang='grc' dir='ltr'><strong><em>ἂν</em></strong></span> <span class='ocrx_word' id='word_1_112' title='bbox 427 1945 471 2028; x_wconf 77' lang='grc' dir='ltr'><strong><em>μὴ</em></strong></span> <span class='ocrx_word' id='word_1_113' title='bbox 495 1941 618 2029; x_wconf 86' lang='grc' dir='ltr'><strong><em>κεράση</em></strong></span> <span class='ocrx_word' id='word_1_114' title='bbox 641 1967 700 2022; x_wconf 88' lang='grc' dir='ltr'><strong><em>τις.</em></strong></span> <span class='ocrx_word' id='word_1_115' title='bbox 723 1950 764 2009; x_wconf 90' lang='grc' dir='ltr'><strong><em>Α.</em></strong></span> <span class='ocrx_word' id='word_1_116' title='bbox 789 1946 840 2028; x_wconf 85' lang='grc' dir='ltr'><strong><em>ἔχε</em></strong></span> <span class='ocrx_word' id='word_1_117' title='bbox 863 1947 921 2009; x_wconf 91' lang='grc' dir='ltr'><strong><em>τὸν</em></strong></span> <span class='ocrx_word' id='word_1_118' title='bbox 944 1941 1043 2032; x_wconf 76' lang='grc' dir='ltr'><strong><em>ηίδόν,</em></strong></span> <span class='ocrx_word' id='word_1_119' title='bbox 1066 1948 1222 2030; x_wconf 84' lang='grc' dir='ltr'><strong><em>λάμβανε.</em></strong></span> 
     </span>
    </p>

    <p class='ocr_par' dir='ltr' id='par_1_6' title="bbox 365 2056 996 2141">
     <span class='ocr_line' id='line_1_16' title="bbox 365 2056 996 2141; baseline -0.002 -19"><span class='ocrx_word' id='word_1_120' title='bbox 365 2058 476 2123; x_wconf 84' lang='grc' dir='ltr'><strong><em>ἔπειτα</em></strong></span> <span class='ocrx_word' id='word_1_121' title='bbox 497 2056 600 2141; x_wconf 84' lang='grc' dir='ltr'><strong><em>μηδὲν</em></strong></span> <span class='ocrx_word' id='word_1_122' title='bbox 623 2066 690 2121; x_wconf 83' lang='grc' dir='ltr'><strong><em>τῶν</em></strong></span> <span class='ocrx_word' id='word_1_123' title='bbox 712 2057 996 2141; x_wconf 79' lang='grc' dir='ltr'><strong><em>ἀπηρχαιωμένων</em></strong></span> 
     </span>
    </p>

    <p class='ocr_par' dir='ltr' id='par_1_7' title="bbox 368 2166 1159 2252">
     <span class='ocr_line' id='line_1_17' title="bbox 368 2166 1159 2252; baseline 0 -19"><span class='ocrx_word' id='word_1_124' title='bbox 368 2171 496 2233; x_wconf 91' lang='grc' dir='ltr'><strong><em>τούτων</em></strong></span> <span class='ocrx_word' id='word_1_125' title='bbox 518 2166 674 2252; x_wconf 87' lang='grc' dir='ltr'><strong><em>περάνης,</em></strong></span> <span class='ocrx_word' id='word_1_126' title='bbox 697 2169 757 2232; x_wconf 91' lang='grc' dir='ltr'><strong><em>τὸν</em></strong></span> <span class='ocrx_word' id='word_1_127' title='bbox 783 2171 971 2251; x_wconf 82' lang='grc' dir='ltr'><strong><em>Τελαμῶνα,</em></strong></span> <span class='ocrx_word' id='word_1_128' title='bbox 994 2171 1077 2252; x_wconf 82' lang='grc' dir='ltr'><strong><em>μηδὲ</em></strong></span> <span class='ocrx_word' id='word_1_129' title='bbox 1099 2171 1159 2234; x_wconf 90' lang='grc' dir='ltr'><strong><em>τὸν</em></strong></span> 
     </span>
    </p>

    <p class='ocr_par' dir='ltr' id='par_1_8' title="bbox 210 2276 1399 2821">
     <span class='ocr_line' id='line_1_18' title="bbox 365 2276 804 2364; baseline 0.005 -20"><span class='ocrx_word' id='word_1_130' title='bbox 365 2290 506 2360; x_wconf 86' lang='grc' dir='ltr'><strong><em>παιῶνα,</em></strong></span> <span class='ocrx_word' id='word_1_131' title='bbox 530 2280 605 2362; x_wconf 90' lang='grc' dir='ltr'><strong><em>μηδ’</em></strong></span> <span class='ocrx_word' id='word_1_132' title='bbox 617 2276 804 2364; x_wconf 75' lang='grc' dir='ltr'><strong><em>Ἁρμόδιον.</em></strong></span> 
     </span>
     <span class='ocr_line' id='line_1_19' title="bbox 211 2392 1396 2474; baseline 0 -16"><span class='ocrx_word' id='word_1_133' title='bbox 211 2392 299 2458; x_wconf 90' lang='lat' dir='ltr'><strong>euius</strong></span> <span class='ocrx_word' id='word_1_134' title='bbox 337 2392 421 2457; x_wconf 83' lang='lat' dir='ltr'><strong>vocis</strong></span> <span class='ocrx_word' id='word_1_135' title='bbox 459 2393 656 2474; x_wconf 81' lang='lat' dir='ltr'><strong>explicandae</strong></span> <span class='ocrx_word' id='word_1_136' title='bbox 692 2392 866 2473; x_wconf 87' lang='lat' dir='ltr'><strong>periculum</strong></span> <span class='ocrx_word' id='word_1_137' title='bbox 904 2392 979 2458; x_wconf 87' lang='lat' dir='ltr'><strong>facit</strong></span> <span class='ocrx_word' id='word_1_138' title='bbox 1013 2392 1197 2458; x_wconf 83' lang='lat' dir='ltr'><strong>Eustathius</strong></span> <span class='ocrx_word' id='word_1_139' title='bbox 1232 2393 1304 2471; x_wconf 87' lang='grc'>868,</span> <span class='ocrx_word' id='word_1_140' title='bbox 1339 2393 1396 2458; x_wconf 83' lang='lat'><strong><em>21:</em></strong></span> 
     </span>
     <span class='ocr_line' id='line_1_20' title="bbox 210 2493 1399 2588; baseline -0.003 -18"><span class='ocrx_word' id='word_1_141' title='bbox 210 2507 290 2588; x_wconf 85' lang='grc' dir='ltr'><strong><em>μέλη</em></strong></span> <span class='ocrx_word' id='word_1_142' title='bbox 314 2505 350 2568; x_wconf 77' lang='grc' dir='ltr'><strong><em>δὲ</em></strong></span> <span class='ocrx_word' id='word_1_143' title='bbox 373 2504 429 2567; x_wconf 84' lang='grc' dir='ltr'><strong><em>διὰ</em></strong></span> <span class='ocrx_word' id='word_1_144' title='bbox 451 2514 510 2567; x_wconf 83' lang='grc' dir='ltr'><strong><em>τοῦ</em></strong></span> <span class='ocrx_word' id='word_1_145' title='bbox 534 2493 595 2586; x_wconf 77' lang='grc' dir='ltr'><strong><em>ἦτα</em></strong></span> <span class='ocrx_word' id='word_1_146' title='bbox 617 2506 811 2587; x_wconf 74' lang='grc' dir='ltr'><strong><em>κατάδηλα</em></strong></span> <span class='ocrx_word' id='word_1_147' title='bbox 836 2508 933 2588; x_wconf 78' lang='grc' dir='ltr'><strong><em>γένος</em></strong></span> <span class='ocrx_word' id='word_1_148' title='bbox 961 2509 1121 2588; x_wconf 89' lang='grc' dir='ltr'><strong><em>ποτηρίου</em></strong></span> <span class='ocrx_word' id='word_1_149' title='bbox 1151 2502 1238 2580; x_wconf 80' lang='grc' dir='ltr'><strong><em>εἶδος</em></strong></span> <span class='ocrx_word' id='word_1_150' title='bbox 1267 2495 1324 2588; x_wconf 80' lang='grc' dir='ltr'><strong><em>ἦν,</em></strong></span> <span class='ocrx_word' id='word_1_151' title='bbox 1354 2503 1399 2582; x_wconf 83' lang='grc' dir='ltr'><strong><em>ὡς</em></strong></span> 
     </span>
     <span class='ocr_line' id='line_1_21' title="bbox 211 2611 1398 2700; baseline 0.001 -20"><span class='ocrx_word' id='word_1_152' title='bbox 211 2615 248 2680; x_wconf 80' lang='grc' dir='ltr'><strong><em>ἐν</em></strong></span> <span class='ocrx_word' id='word_1_153' title='bbox 263 2625 332 2691; x_wconf 86' lang='grc' dir='ltr'><strong><em>τοῖς</em></strong></span> <span class='ocrx_word' id='word_1_154' title='bbox 349 2611 531 2697; x_wconf 74' lang='grc' dir='ltr'><strong><em>Ἀθηναίων</em></strong></span> <span class='ocrx_word' id='word_1_155' title='bbox 555 2617 699 2698; x_wconf 85' lang='grc' dir='ltr'><strong><em>φέρεται,</em></strong></span> <span class='ocrx_word' id='word_1_156' title='bbox 723 2618 778 2679; x_wconf 80' lang='grc' dir='ltr'><strong><em>καὶ</em></strong></span> <span class='ocrx_word' id='word_1_157' title='bbox 800 2620 878 2691; x_wconf 80' lang='grc' dir='ltr'><strong><em>ἴσως</em></strong></span> <span class='ocrx_word' id='word_1_158' title='bbox 899 2619 990 2700; x_wconf 76' lang='grc' dir='ltr'><strong><em>παρὰ</em></strong></span> <span class='ocrx_word' id='word_1_159' title='bbox 1004 2618 1041 2680; x_wconf 91' lang='grc' dir='ltr'><strong><em>τὸ</em></strong></span> <span class='ocrx_word' id='word_1_160' title='bbox 1056 2619 1162 2700; x_wconf 85' lang='grc' dir='ltr'><strong><em>μέλος,</em></strong></span> <span class='ocrx_word' id='word_1_161' title='bbox 1186 2616 1316 2699; x_wconf 84' lang='grc' dir='ltr'><strong><em>ὃδηλοῑ</em></strong></span> <span class='ocrx_word' id='word_1_162' title='bbox 1337 2617 1398 2699; x_wconf 80' lang='grc' dir='ltr'><strong><em>τὴν</em></strong></span> 
     </span>
     <span class='ocr_line' id='line_1_22' title="bbox 211 2723 1133 2821; baseline 0.003 -31"><span class='ocrx_word' id='word_1_163' title='bbox 211 2723 318 2814; x_wconf 73' lang='grc' dir='ltr'><strong><em>ᾠδήν·</em></strong></span> <span class='ocrx_word' id='word_1_164' title='bbox 341 2727 411 2791; x_wconf 81' lang='grc' dir='ltr'><strong><em>ἐπεὶ</em></strong></span> <span class='ocrx_word' id='word_1_165' title='bbox 433 2729 488 2792; x_wconf 81' lang='grc' dir='ltr'><strong><em>καὶ</em></strong></span> <span class='ocrx_word' id='word_1_166' title='bbox 505 2724 597 2821; x_wconf 13' lang='grc' dir='ltr'><strong><em>«ςόδὸς</em></strong></span> <span class='ocrx_word' id='word_1_167' title='bbox 618 2730 708 2812; x_wconf 85' lang='grc' dir='ltr'><strong><em>παρὰ</em></strong></span> <span class='ocrx_word' id='word_1_168' title='bbox 730 2731 774 2811; x_wconf 79' lang='grc' dir='ltr'><strong><em>τῷ</em></strong></span> <span class='ocrx_word' id='word_1_169' title='bbox 799 2728 888 2814; x_wconf 80' lang='grc' dir='ltr'><strong><em>αὐτῷ</em></strong></span> <span class='ocrx_word' id='word_1_170' title='bbox 912 2730 1071 2813; x_wconf 80' lang='grc' dir='ltr'><strong><em>ποτήριόν</em></strong></span> <span class='ocrx_word' id='word_1_171' title='bbox 1093 2752 1133 2793; x_wconf 92' lang='grc' dir='ltr'><strong><em>τι.</em></strong></span> 
     </span>
    </p>

    <p class='ocr_par' dir='ltr' id='par_1_9' title="bbox 210 2838 1398 3040">
     <span class='ocr_line' id='line_1_23' title="bbox 314 2838 1395 2923; baseline 0.002 -21"><span class='ocrx_word' id='word_1_172' title='bbox 314 2839 431 2921; x_wconf 79' lang='lat' dir='ltr'><strong>Lyrae,</strong></span> <span class='ocrx_word' id='word_1_173' title='bbox 462 2841 576 2922; x_wconf 86' lang='lat' dir='ltr'><strong>myrti,</strong></span> <span class='ocrx_word' id='word_1_174' title='bbox 611 2838 715 2922; x_wconf 90' lang='lat' dir='ltr'><strong>poculi</strong></span> <span class='ocrx_word' id='word_1_175' title='bbox 751 2840 942 2904; x_wconf 78' lang='lat' dir='ltr'><strong>mentionem</strong></span> <span class='ocrx_word' id='word_1_176' title='bbox 975 2842 1183 2906; x_wconf 87' lang='lat' dir='ltr'><strong>consociatam</strong></span> <span class='ocrx_word' id='word_1_177' title='bbox 1220 2840 1395 2923; x_wconf 85' lang='lat' dir='ltr'><strong>reperimus</strong></span> 
     </span>
     <span class='ocr_line' id='line_1_24' title="bbox 210 2950 1398 3040; baseline 0.003 -26"><span class='ocrx_word' id='word_1_178' title='bbox 210 2950 292 3031; x_wconf 80' lang='lat' dir='ltr'><strong>apud</strong></span> <span class='ocrx_word' id='word_1_179' title='bbox 315 2951 475 3015; x_wconf 84' lang='lat' dir='ltr'><strong>Pollucem</strong></span> <span class='ocrx_word' id='word_1_180' title='bbox 505 2953 536 3015; x_wconf 91' lang='lat' dir='ltr'><strong><em>in</em></strong></span> <span class='ocrx_word' id='word_1_181' title='bbox 568 2950 728 3016; x_wconf 83' lang='lat' dir='ltr'><strong>Onomast.</strong></span> <span class='ocrx_word' id='word_1_182' title='bbox 754 2950 796 3013; x_wconf 87' lang='lat' dir='ltr'><strong><em>VI</em></strong></span> <span class='ocrx_word' id='word_1_183' title='bbox 823 2951 899 3015; x_wconf 80' lang='lat'>108:</span> <span class='ocrx_word' id='word_1_184' title='bbox 931 2953 987 3015; x_wconf 80' lang='grc' dir='ltr'><strong><em>καὶ</em></strong></span> <span class='ocrx_word' id='word_1_185' title='bbox 1014 2956 1172 3037; x_wconf 90' lang='grc' dir='ltr'><strong><em>παροίνια</em></strong></span> <span class='ocrx_word' id='word_1_186' title='bbox 1200 2953 1236 3016; x_wconf 83' lang='grc' dir='ltr'><strong><em>δὲ</em></strong></span> <span class='ocrx_word' id='word_1_187' title='bbox 1268 2951 1398 3040; x_wconf 80' lang='grc' dir='ltr'><strong><em>ᾅσματα</em></strong></span> 
     </span>
    </p>
   </div>
   <div class='ocr_carea' id='block_1_3' title="bbox 210 3052 1399 3262">
    <p class='ocr_par' dir='ltr' id='par_1_10' title="bbox 210 3052 1399 3262">
     <span class='ocr_line' id='line_1_25' title="bbox 210 3052 1399 3150; baseline 0.004 -25"><span class='ocrx_word' id='word_1_188' title='bbox 210 3052 252 3145; x_wconf 73' lang='grc' dir='ltr'><strong><em>ἦν</em></strong></span> <span class='ocrx_word' id='word_1_189' title='bbox 274 3064 330 3127; x_wconf 78' lang='grc' dir='ltr'><strong><em>καὶ</em></strong></span> <span class='ocrx_word' id='word_1_190' title='bbox 352 3060 483 3126; x_wconf 92' lang='grc' dir='ltr'><strong><em>σκολιά·</em></strong></span> <span class='ocrx_word' id='word_1_191' title='bbox 514 3065 571 3127; x_wconf 78' lang='grc' dir='ltr'><strong><em>καὶ</em></strong></span> <span class='ocrx_word' id='word_1_192' title='bbox 600 3066 766 3147; x_wconf 89' lang='grc' dir='ltr'><strong><em>μυρρίνην</em></strong></span> <span class='ocrx_word' id='word_1_193' title='bbox 789 3063 843 3127; x_wconf 81' lang='grc' dir='ltr'><strong><em>ἐπὶ</em></strong></span> <span class='ocrx_word' id='word_1_194' title='bbox 866 3063 956 3141; x_wconf 81' lang='grc' dir='ltr'><strong><em>δὲξιδι</em></strong></span> <span class='ocrx_word' id='word_1_195' title='bbox 978 3066 1212 3150; x_wconf 79' lang='grc' dir='ltr'><strong><em>περιφέροντές</em></strong></span> <span class='ocrx_word' id='word_1_196' title='bbox 1234 3088 1321 3142; x_wconf 86' lang='grc' dir='ltr'><strong><em>τινες</em></strong></span> <span class='ocrx_word' id='word_1_197' title='bbox 1342 3068 1399 3130; x_wconf 78' lang='grc' dir='ltr'><strong><em>καὶ</em></strong></span> 
     </span>
     <span class='ocr_line' id='line_1_26' title="bbox 210 3170 815 3262; baseline 0.002 -25"><span class='ocrx_word' id='word_1_198' title='bbox 210 3173 345 3257; x_wconf 81' lang='grc' dir='ltr'><strong><em>ἔκπωμα</em></strong></span> <span class='ocrx_word' id='word_1_199' title='bbox 367 3176 422 3238; x_wconf 86' lang='grc' dir='ltr'><strong><em>καὶ</em></strong></span> <span class='ocrx_word' id='word_1_200' title='bbox 445 3177 552 3258; x_wconf 90' lang='grc' dir='ltr'><strong><em>λύραν</em></strong></span> <span class='ocrx_word' id='word_1_201' title='bbox 574 3170 669 3262; x_wconf 77' lang='grc' dir='ltr'><strong><em>ᾅδειν</em></strong></span> <span class='ocrx_word' id='word_1_202' title='bbox 690 3173 815 3257; x_wconf 83' lang='grc' dir='ltr'><strong><em>ἠξίουν.</em></strong></span> 
     </span>
    </p>
   </div>
   <div class='ocr_carea' id='block_1_4' title="bbox 211 3306 416 3317">
    <p class='ocr_par' dir='ltr' id='par_1_11' title="bbox 211 3306 416 3317">
     <span class='ocr_line' id='line_1_27' title="bbox 211 3306 416 3317; baseline 0 0"><span class='ocrx_word' id='word_1_203' title='bbox 211 3306 416 3317; x_wconf 69' lang='grc' dir='ltr'><strong><em>-ι--ι</em></strong></span> 
     </span>
    </p>
   </div>
   <div class='ocr_carea' id='block_1_5' title="bbox 207 3376 1399 4108">
    <p class='ocr_par' dir='ltr' id='par_1_12' title="bbox 207 3376 1399 4108">
     <span class='ocr_line' id='line_1_28' title="bbox 316 3376 1398 3452; baseline 0.006 -22"><span class='ocrx_word' id='word_1_204' title='bbox 316 3378 349 3443; x_wconf 78' lang='lat'><strong><em>³⁸)</em></strong></span> <span class='ocrx_word' id='word_1_205' title='bbox 369 3378 464 3432; x_wconf 82' lang='lat' dir='ltr'><strong>Falsus</strong></span> <span class='ocrx_word' id='word_1_206' title='bbox 489 3382 530 3431; x_wconf 87' lang='lat' dir='ltr'><strong>est</strong></span> <span class='ocrx_word' id='word_1_207' title='bbox 547 3378 624 3446; x_wconf 88' lang='lat' dir='ltr'><strong>Ilgen</strong></span> <span class='ocrx_word' id='word_1_208' title='bbox 645 3392 669 3445; x_wconf 90' lang='lat' dir='ltr'><strong><em>p.</em></strong></span> <span class='ocrx_word' id='word_1_209' title='bbox 688 3376 731 3431; x_wconf 81' lang='lat' dir='ltr'><strong><em>CL</em></strong></span> <span class='ocrx_word' id='word_1_210' title='bbox 754 3377 845 3432; x_wconf 90' lang='lat' dir='ltr'><strong>dicens</strong></span> <span class='ocrx_word' id='word_1_211' title='bbox 869 3377 1044 3432; x_wconf 87' lang='lat' dir='ltr'><strong>scholiastam</strong></span> <span class='ocrx_word' id='word_1_212' title='bbox 1068 3379 1102 3433; x_wconf 90' lang='lat' dir='ltr'><strong><em>ad</em></strong></span> <span class='ocrx_word' id='word_1_213' title='bbox 1124 3380 1261 3449; x_wconf 84' lang='lat' dir='ltr'><strong>Aristoph.</strong></span> <span class='ocrx_word' id='word_1_214' title='bbox 1281 3380 1398 3452; x_wconf 82' lang='lat' dir='ltr'><strong>Lysistr.</strong></span> 
     </span>
     <span class='ocr_line' id='line_1_29' title="bbox 211 3471 1396 3545; baseline 0.005 -21"><span class='ocrx_word' id='word_1_215' title='bbox 211 3488 236 3526; x_wconf 86' lang='lat' dir='ltr'><strong><em>v.</em></strong></span> <span class='ocrx_word' id='word_1_216' title='bbox 255 3477 305 3524; x_wconf 75' lang='lat'><strong><em>632</em></strong></span> <span class='ocrx_word' id='word_1_217' title='bbox 330 3488 430 3525; x_wconf 88' lang='lat' dir='ltr'><strong>rnorem</strong></span> <span class='ocrx_word' id='word_1_218' title='bbox 454 3472 554 3541; x_wconf 78' lang='lat' dir='ltr'><strong>myrtei</strong></span> <span class='ocrx_word' id='word_1_219' title='bbox 577 3473 645 3525; x_wconf 88' lang='lat' dir='ltr'><strong>rami</strong></span> <span class='ocrx_word' id='word_1_220' title='bbox 664 3471 789 3540; x_wconf 81' lang='lat' dir='ltr'><strong>gestandi</strong></span> <span class='ocrx_word' id='word_1_221' title='bbox 807 3472 981 3541; x_wconf 85' lang='lat' dir='ltr'><strong>repetendum</strong></span> <span class='ocrx_word' id='word_1_222' title='bbox 999 3489 1054 3527; x_wconf 78' lang='lat' dir='ltr'><strong>esse</strong></span> <span class='ocrx_word' id='word_1_223' title='bbox 1073 3473 1168 3528; x_wconf 89' lang='lat' dir='ltr'><strong>ducere</strong></span> <span class='ocrx_word' id='word_1_224' title='bbox 1185 3491 1201 3527; x_wconf 92' lang='lat' dir='ltr'><strong>a</strong></span> <span class='ocrx_word' id='word_1_225' title='bbox 1219 3481 1309 3545; x_wconf 80' lang='lat' dir='ltr'><strong>myrto</strong></span> <span class='ocrx_word' id='word_1_226' title='bbox 1327 3476 1396 3531; x_wconf 88' lang='lat' dir='ltr'><strong>Har-</strong></span> 
     </span>
     <span class='ocr_line' id='line_1_30' title="bbox 211 3565 1395 3636; baseline 0.006 -18"><span class='ocrx_word' id='word_1_227' title='bbox 211 3565 295 3619; x_wconf 86' lang='lat' dir='ltr'><strong>modii</strong></span> <span class='ocrx_word' id='word_1_228' title='bbox 314 3569 341 3620; x_wconf 87' lang='lat' dir='ltr'><strong>et</strong></span> <span class='ocrx_word' id='word_1_229' title='bbox 353 3567 557 3635; x_wconf 77' lang='lat' dir='ltr'><strong>Aristogitonis,</strong></span> <span class='ocrx_word' id='word_1_230' title='bbox 576 3581 629 3634; x_wconf 88' lang='lat' dir='ltr'><strong><em>qua</em></strong></span> <span class='ocrx_word' id='word_1_231' title='bbox 647 3565 766 3634; x_wconf 85' lang='lat' dir='ltr'><strong>gladium</strong></span> <span class='ocrx_word' id='word_1_232' title='bbox 787 3565 981 3631; x_wconf 81' lang='lat' dir='ltr'><strong>condidissent,</strong></span> <span class='ocrx_word' id='word_1_233' title='bbox 1001 3567 1082 3636; x_wconf 88' lang='lat' dir='ltr'><strong>idque</strong></span> <span class='ocrx_word' id='word_1_234' title='bbox 1100 3585 1153 3622; x_wconf 90' lang='lat' dir='ltr'><strong><em>non</em></strong></span> <span class='ocrx_word' id='word_1_235' title='bbox 1174 3585 1229 3623; x_wconf 88' lang='lat' dir='ltr'><strong>esee</strong></span> <span class='ocrx_word' id='word_1_236' title='bbox 1247 3572 1304 3624; x_wconf 91' lang='lat' dir='ltr'><strong>veri</strong></span> <span class='ocrx_word' id='word_1_237' title='bbox 1317 3570 1395 3625; x_wconf 88' lang='lat' dir='ltr'><strong>diesi-</strong></span> 
     </span>
     <span class='ocr_line' id='line_1_31' title="bbox 209 3659 1396 3732; baseline 0.006 -19"><span class='ocrx_word' id='word_1_238' title='bbox 209 3659 281 3713; x_wconf 92' lang='lat' dir='ltr'><strong>mile.</strong></span> <span class='ocrx_word' id='word_1_239' title='bbox 308 3677 372 3714; x_wconf 91' lang='lat' dir='ltr'><strong><em>nam</em></strong></span> <span class='ocrx_word' id='word_1_240' title='bbox 391 3661 449 3714; x_wconf 95' lang='lat' dir='ltr'><strong>loco</strong></span> <span class='ocrx_word' id='word_1_241' title='bbox 468 3661 502 3714; x_wconf 87' lang='lat' dir='ltr'><strong><em>ab</em></strong></span> <span class='ocrx_word' id='word_1_242' title='bbox 521 3661 625 3729; x_wconf 86' lang='lat' dir='ltr'><strong>llgenio</strong></span> <span class='ocrx_word' id='word_1_243' title='bbox 645 3661 730 3714; x_wconf 87' lang='lat' dir='ltr'><strong>allato</strong></span> <span class='ocrx_word' id='word_1_244' title='bbox 750 3661 805 3713; x_wconf 91' lang='lat' dir='ltr'><strong>tale</strong></span> <span class='ocrx_word' id='word_1_245' title='bbox 824 3661 889 3728; x_wconf 90' lang='lat' dir='ltr'><strong>quid</strong></span> <span class='ocrx_word' id='word_1_246' title='bbox 908 3660 993 3715; x_wconf 88' lang='lat' dir='ltr'><strong>inesse</strong></span> <span class='ocrx_word' id='word_1_247' title='bbox 1013 3663 1072 3730; x_wconf 87' lang='lat' dir='ltr'><strong>quis</strong></span> <span class='ocrx_word' id='word_1_248' title='bbox 1097 3679 1195 3732; x_wconf 87' lang='lat' dir='ltr'><strong>quaeso</strong></span> <span class='ocrx_word' id='word_1_249' title='bbox 1221 3664 1329 3719; x_wconf 81' lang='lat' dir='ltr'><strong>credat?</strong></span> <span class='ocrx_word' id='word_1_250' title='bbox 1353 3671 1396 3721; x_wconf 88' lang='lat' dir='ltr'><strong>est</strong></span> 
     </span>
     <span class='ocr_line' id='line_1_32' title="bbox 209 3751 1399 3823; baseline 0.006 -16"><span class='ocrx_word' id='word_1_251' title='bbox 209 3758 298 3808; x_wconf 85' lang='lat' dir='ltr'><strong>autom</strong></span> <span class='ocrx_word' id='word_1_252' title='bbox 317 3753 450 3809; x_wconf 86' lang='lat' dir='ltr'><strong>scholium</strong></span> <span class='ocrx_word' id='word_1_253' title='bbox 467 3756 533 3809; x_wconf 85' lang='lat' dir='ltr'><strong>hoc:</strong></span> <span class='ocrx_word' id='word_1_254' title='bbox 558 3754 627 3823; x_wconf 89' lang='grc' dir='ltr'><strong><em>πρὸς</em></strong></span> <span class='ocrx_word' id='word_1_255' title='bbox 645 3754 675 3807; x_wconf 91' lang='grc' dir='ltr'><strong><em>τὸ</em></strong></span> <span class='ocrx_word' id='word_1_256' title='bbox 701 3755 860 3823; x_wconf 84' lang='grc' dir='ltr'><strong><em>κομμάτιον,</em></strong></span> <span class='ocrx_word' id='word_1_257' title='bbox 883 3751 927 3807; x_wconf 89' lang='grc' dir='ltr'><strong><em>ὅτι</em></strong></span> <span class='ocrx_word' id='word_1_258' title='bbox 949 3753 979 3808; x_wconf 82' lang='grc' dir='ltr'><strong><em>έκ</em></strong></span> <span class='ocrx_word' id='word_1_259' title='bbox 1002 3762 1052 3811; x_wconf 81' lang='grc' dir='ltr'><strong><em>τοῦ</em></strong></span> <span class='ocrx_word' id='word_1_260' title='bbox 1075 3760 1185 3812; x_wconf 89' lang='grc' dir='ltr'><strong><em>σκολιοῦ</em></strong></span> <span class='ocrx_word' id='word_1_261' title='bbox 1208 3757 1280 3814; x_wconf 86' lang='grc' dir='ltr'><strong><em>έστιν</em></strong></span> <span class='ocrx_word' id='word_1_262' title='bbox 1303 3757 1346 3813; x_wconf 88' lang='grc' dir='ltr'><strong><em>ὅτι</em></strong></span> <span class='ocrx_word' id='word_1_263' title='bbox 1368 3758 1399 3814; x_wconf 78' lang='grc' dir='ltr'><strong><em>ἐν</em></strong></span> 
     </span>
     <span class='ocr_line' id='line_1_33' title="bbox 210 3849 1398 3924; baseline 0.006 -22"><span class='ocrx_word' id='word_1_264' title='bbox 210 3850 331 3919; x_wconf 86' lang='grc' dir='ltr'><strong><em>μυρσίνφ</em></strong></span> <span class='ocrx_word' id='word_1_265' title='bbox 350 3850 440 3921; x_wconf 81' lang='grc' dir='ltr'><strong><em>κλάδῳ</em></strong></span> <span class='ocrx_word' id='word_1_266' title='bbox 460 3849 491 3903; x_wconf 89' lang='grc' dir='ltr'><strong><em>τὸ</em></strong></span> <span class='ocrx_word' id='word_1_267' title='bbox 511 3851 593 3917; x_wconf 86' lang='grc' dir='ltr'><strong><em>ξίφος</em></strong></span> <span class='ocrx_word' id='word_1_268' title='bbox 614 3849 768 3917; x_wconf 87' lang='grc' dir='ltr'><strong><em>φορέσομεν</em></strong></span> <span class='ocrx_word' id='word_1_269' title='bbox 795 3856 854 3916; x_wconf 88' lang='lat' dir='ltr'><strong>(scr.</strong></span> <span class='ocrx_word' id='word_1_270' title='bbox 874 3851 1053 3921; x_wconf 83' lang='grc' dir='ltr'><strong><em>φορήσομεν),</em></strong></span> <span class='ocrx_word' id='word_1_271' title='bbox 1078 3853 1169 3923; x_wconf 82' lang='grc' dir='ltr'><strong><em>ὥσπερ</em></strong></span> <span class='ocrx_word' id='word_1_272' title='bbox 1193 3851 1329 3924; x_wconf 80' lang='grc' dir='ltr'><strong><em>Ἁρμόδιος</em></strong></span> <span class='ocrx_word' id='word_1_273' title='bbox 1350 3855 1398 3908; x_wconf 80' lang='grc' dir='ltr'><strong><em>καὶ</em></strong></span> 
     </span>
     <span class='ocr_line' id='line_1_34' title="bbox 207 3936 1399 4017; baseline 0.008 -23"><span class='ocrx_word' id='word_1_274' title='bbox 207 3936 415 4011; x_wconf 76' lang='grc' dir='ltr'><strong><em>Ἀριστογείτων.</em></strong></span> <span class='ocrx_word' id='word_1_275' title='bbox 434 3939 580 4012; x_wconf 78' lang='grc' dir='ltr'><strong><em>αὗταιγὰρ</em></strong></span> <span class='ocrx_word' id='word_1_276' title='bbox 599 3942 653 3995; x_wconf 83' lang='grc' dir='ltr'><strong><em>άπὸ</em></strong></span> <span class='ocrx_word' id='word_1_277' title='bbox 672 3949 729 3996; x_wconf 83' lang='grc' dir='ltr'><strong><em>τῶν</em></strong></span> <span class='ocrx_word' id='word_1_278' title='bbox 747 3945 886 4012; x_wconf 86' lang='grc' dir='ltr'><strong><em>μυρσίνων</em></strong></span> <span class='ocrx_word' id='word_1_279' title='bbox 910 3946 1018 3999; x_wconf 88' lang='grc' dir='ltr'><strong><em>κλάδων</em></strong></span> <span class='ocrx_word' id='word_1_280' title='bbox 1040 3948 1074 4000; x_wconf 80' lang='grc' dir='ltr'><strong><em>τὰ</em></strong></span> <span class='ocrx_word' id='word_1_281' title='bbox 1098 3949 1166 4017; x_wconf 84' lang='grc' dir='ltr'><strong><em>ξίφη</em></strong></span> <span class='ocrx_word' id='word_1_282' title='bbox 1190 3949 1399 4011; x_wconf 79' lang='grc' dir='ltr'><strong><em>ἀνασπάσαντες</em></strong></span> 
     </span>
     <span class='ocr_line' id='line_1_35' title="bbox 209 4037 585 4108; baseline 0.003 -19"><span class='ocrx_word' id='word_1_283' title='bbox 209 4037 257 4090; x_wconf 87' lang='grc' dir='ltr'><strong><em>τὸν</em></strong></span> <span class='ocrx_word' id='word_1_284' title='bbox 275 4038 410 4106; x_wconf 84' lang='grc' dir='ltr'><strong><em>τύραννον</em></strong></span> <span class='ocrx_word' id='word_1_285' title='bbox 429 4039 585 4108; x_wconf 81' lang='grc' dir='ltr'><strong><em>κατέβαλον.</em></strong></span> 
     </span>
    </p>
   </div>
   <div class='ocr_carea' id='block_1_6' title="bbox 701 4221 904 4232">
    <p class='ocr_par' dir='ltr' id='par_1_13' title="bbox 701 4221 904 4232">
     <span class='ocr_line' id='line_1_36' title="bbox 701 4221 904 4232; baseline 0.02 -4"><span class='ocrx_word' id='word_1_286' title='bbox 701 4221 904 4232; x_wconf 74' lang='grc'><strong><em>--.-,</em></strong></span> 
     </span>
    </p>
   </div>
   <div class='ocr_carea' id='block_1_7' title="bbox 0 0 1564 4966">
    <p class='ocr_par' dir='ltr' id='par_1_14' title="bbox 0 0 1564 4966">
     <span class='ocr_line' id='line_1_37' title="bbox 0 0 1564 4966; baseline 0 0"><span class='ocrx_word' id='word_1_287' title='bbox 0 0 1564 4966; x_wconf 95' lang='lat' dir='ltr'><strong><em> </em></strong></span> 
     </span>
    </p>
   </div>
  </div>
 </body>
</html>
