<?xml version="1.0" encoding="UTF-8"?>
<!DOCTYPE html PUBLIC "-//W3C//DTD XHTML 1.0 Transitional//EN"
    "http://www.w3.org/TR/xhtml1/DTD/xhtml1-transitional.dtd">
<html xmlns="http://www.w3.org/1999/xhtml" xml:lang="en" lang="en">
 <head>
  <title>
</title>
<meta http-equiv="Content-Type" content="text/html;charset=utf-8" />
  <meta name='ocr-system' content='tesseract 3.04.00' />
  <meta name='ocr-capabilities' content='ocr_page ocr_carea ocr_par ocr_line ocrx_word'/>
</head>
<body>
  <div class='ocr_page' id='page_1' title='image "./descoliorumpoes00engegoog_0063.png"; bbox 0 0 3120 4966; ppageno 0'>
   <div class='ocr_carea' id='block_1_1' title="bbox 672 323 887 386">
    <p class='ocr_par' dir='ltr' id='par_1_1' title="bbox 672 323 887 386">
     <span class='ocr_line' id='line_1_1' title="bbox 672 323 887 386; baseline 0.009 -18"><span class='ocrx_word' id='word_1_1' title='bbox 672 323 887 386; x_wconf 66' lang='grc'>..54-</span> 
     </span>
    </p>
   </div>
   <div class='ocr_carea' id='block_1_2' title="bbox 182 510 1436 4397">
    <p class='ocr_par' dir='ltr' id='par_1_2' title="bbox 182 510 1375 2717">
     <span class='ocr_line' id='line_1_2' title="bbox 184 510 1371 597; baseline 0.004 -23"><span class='ocrx_word' id='word_1_2' title='bbox 184 511 240 574; x_wconf 93' lang='lat' dir='ltr'>sed</span> <span class='ocrx_word' id='word_1_3' title='bbox 255 527 430 593; x_wconf 81' lang='lat' dir='ltr'><strong>perperam.</strong></span> <span class='ocrx_word' id='word_1_4' title='bbox 458 510 519 575; x_wconf 92' lang='lat' dir='ltr'>duo</span> <span class='ocrx_word' id='word_1_5' title='bbox 536 510 620 575; x_wconf 92' lang='lat' dir='ltr'>enim</span> <span class='ocrx_word' id='word_1_6' title='bbox 636 511 854 577; x_wconf 87' lang='lat' dir='ltr'>tantummodo</span> <span class='ocrx_word' id='word_1_7' title='bbox 877 531 992 597; x_wconf 83' lang='lat' dir='ltr'>genera</span> <span class='ocrx_word' id='word_1_8' title='bbox 1015 513 1243 592; x_wconf 88' lang='lat' dir='ltr'>discernuntur,</span> <span class='ocrx_word' id='word_1_9' title='bbox 1271 531 1371 596; x_wconf 91' lang='lat' dir='ltr'>quon-</span> 
     </span>
     <span class='ocr_line' id='line_1_3' title="bbox 183 617 1372 711; baseline 0.002 -24"><span class='ocrx_word' id='word_1_10' title='bbox 183 622 248 687; x_wconf 88' lang='lat' dir='ltr'>iam</span> <span class='ocrx_word' id='word_1_11' title='bbox 271 623 425 687; x_wconf 88' lang='lat' dir='ltr'>enuntiati</span> <span class='ocrx_word' id='word_1_12' title='bbox 448 620 637 688; x_wconf 79' lang='lat' dir='ltr'><strong>constructio</strong></span> <span class='ocrx_word' id='word_1_13' title='bbox 661 622 706 687; x_wconf 90' lang='lat' dir='ltr'>sic</span> <span class='ocrx_word' id='word_1_14' title='bbox 728 625 880 705; x_wconf 76' lang='lat' dir='ltr'>procedit:</span> <span class='ocrx_word' id='word_1_15' title='bbox 906 626 955 688; x_wconf 82' lang='grc' dir='ltr'>ὅτι</span> <span class='ocrx_word' id='word_1_16' title='bbox 977 635 1111 708; x_wconf 79' lang='grc' dir='ltr'><strong><em>πρῶτον</em></strong></span> <span class='ocrx_word' id='word_1_17' title='bbox 1129 626 1252 708; x_wconf 86' lang='grc' dir='ltr'><strong><em>μὲν...</em></strong></span> <span class='ocrx_word' id='word_1_18' title='bbox 1277 617 1372 711; x_wconf 73' lang='grc' dir='ltr'><strong><em>ᾖδον,</em></strong></span> 
     </span>
     <span class='ocr_line' id='line_1_4' title="bbox 184 732 1372 826; baseline 0.003 -28"><span class='ocrx_word' id='word_1_19' title='bbox 184 735 342 820; x_wconf 84' lang='grc' dir='ltr'><strong><em>δεύτερον</em></strong></span> <span class='ocrx_word' id='word_1_20' title='bbox 357 735 393 797; x_wconf 80' lang='grc' dir='ltr'>δὲ</span> <span class='ocrx_word' id='word_1_21' title='bbox 409 732 525 819; x_wconf 78' lang='grc' dir='ltr'><strong><em>ἐφεξῆς</em></strong></span> <span class='ocrx_word' id='word_1_22' title='bbox 539 737 702 820; x_wconf 79' lang='grc' dir='ltr'><strong><em>μυρσίνης</em></strong></span> <span class='ocrx_word' id='word_1_23' title='bbox 715 736 982 820; x_wconf 75' lang='grc' dir='ltr'><em>παραδιδομένης</em></span> <span class='ocrx_word' id='word_1_24' title='bbox 997 739 1052 801; x_wconf 77' lang='grc' dir='ltr'>καὶ</span> <span class='ocrx_word' id='word_1_25' title='bbox 1068 736 1121 801; x_wconf 77' lang='grc' dir='ltr'>ἐπὶ</span> <span class='ocrx_word' id='word_1_26' title='bbox 1134 741 1239 826; x_wconf 78' lang='grc' dir='ltr'><strong><em>τούτῳ</em></strong></span> <span class='ocrx_word' id='word_1_27' title='bbox 1267 740 1372 820; x_wconf 85' lang='lat' dir='ltr'>(prae-</span> 
     </span>
     <span class='ocr_line' id='line_1_5' title="bbox 182 838 1372 934; baseline 0.002 -24"><span class='ocrx_word' id='word_1_28' title='bbox 182 846 279 927; x_wconf 81' lang='lat' dir='ltr'>tcrea)</span> <span class='ocrx_word' id='word_1_29' title='bbox 306 849 409 931; x_wconf 80' lang='grc' dir='ltr'><strong><em>λύρας</em></strong></span> <span class='ocrx_word' id='word_1_30' title='bbox 429 848 692 930; x_wconf 77' lang='grc' dir='ltr'><strong><em>περιφερομένης</em></strong></span> <span class='ocrx_word' id='word_1_31' title='bbox 706 847 725 910; x_wconf 88' lang='grc' dir='ltr'>ὁ</span> <span class='ocrx_word' id='word_1_32' title='bbox 739 847 1002 929; x_wconf 73' lang='grc' dir='ltr'><strong><em>πεπαιδευμένος</em></strong></span> <span class='ocrx_word' id='word_1_33' title='bbox 1024 848 1186 930; x_wconf 83' lang='grc' dir='ltr'><strong><em>ἐλάμβανε</em></strong></span> <span class='ocrx_word' id='word_1_34' title='bbox 1209 850 1265 912; x_wconf 79' lang='grc' dir='ltr'>καὶ</span> <span class='ocrx_word' id='word_1_35' title='bbox 1280 838 1372 934; x_wconf 77' lang='grc' dir='ltr'><strong><em>ᾖδεν,</em></strong></span> 
     </span>
     <span class='ocr_line' id='line_1_6' title="bbox 184 953 1373 1042; baseline 0.003 -21"><span class='ocrx_word' id='word_1_36' title='bbox 184 958 320 1021; x_wconf 75' lang='grc' dir='ltr'><strong><em>σκολιὸν</em></strong></span> <span class='ocrx_word' id='word_1_37' title='bbox 343 957 535 1042; x_wconf 75' lang='grc' dir='ltr'><strong><em>ὠνομάσθη.</em></strong></span> <span class='ocrx_word' id='word_1_38' title='bbox 562 959 734 1023; x_wconf 87' lang='lat' dir='ltr'>necessario</span> <span class='ocrx_word' id='word_1_39' title='bbox 757 953 864 1023; x_wconf 88' lang='lat' dir='ltr'>autem</span> <span class='ocrx_word' id='word_1_40' title='bbox 888 961 983 1024; x_wconf 93' lang='lat' dir='ltr'>verba</span> <span class='ocrx_word' id='word_1_41' title='bbox 1006 959 1052 1024; x_wconf 94' lang='lat' dir='ltr'>sic</span> <span class='ocrx_word' id='word_1_42' title='bbox 1075 978 1141 1024; x_wconf 88' lang='lat' dir='ltr'>esse</span> <span class='ocrx_word' id='word_1_43' title='bbox 1165 960 1373 1025; x_wconf 87' lang='lat' dir='ltr'>construenda</span> 
     </span>
     <span class='ocr_line' id='line_1_7' title="bbox 185 1068 1373 1152; baseline 0.005 -21"><span class='ocrx_word' id='word_1_44' title='bbox 185 1068 380 1151; x_wconf 86' lang='lat' dir='ltr'>intellegitur</span> <span class='ocrx_word' id='word_1_45' title='bbox 411 1069 503 1148; x_wconf 92' lang='lat' dir='ltr'>inde,</span> <span class='ocrx_word' id='word_1_46' title='bbox 539 1071 621 1152; x_wconf 89' lang='lat' dir='ltr'>quod</span> <span class='ocrx_word' id='word_1_47' title='bbox 652 1073 767 1151; x_wconf 92' lang='lat' dir='ltr'>puncto</span> <span class='ocrx_word' id='word_1_48' title='bbox 791 1072 861 1152; x_wconf 87' lang='lat' dir='ltr'>post</span> <span class='ocrx_word' id='word_1_49' title='bbox 884 1071 1027 1135; x_wconf 77' lang='grc' dir='ltr'><strong><em>ἐκάλουν</em></strong></span> <span class='ocrx_word' id='word_1_50' title='bbox 1049 1071 1152 1152; x_wconf 92' lang='lat' dir='ltr'>posito</span> <span class='ocrx_word' id='word_1_51' title='bbox 1175 1073 1373 1138; x_wconf 78' lang='lat' dir='ltr'>sententiaa</span> 
     </span>
     <span class='ocr_line' id='line_1_8' title="bbox 185 1179 1372 1268; baseline 0.003 -25"><span class='ocrx_word' id='word_1_52' title='bbox 185 1179 290 1244; x_wconf 89' lang='lat' dir='ltr'>verbis</span> <span class='ocrx_word' id='word_1_53' title='bbox 315 1181 367 1244; x_wconf 82' lang='grc' dir='ltr'>ἐπὶ</span> <span class='ocrx_word' id='word_1_54' title='bbox 390 1182 427 1244; x_wconf 85' lang='grc' dir='ltr'>δὲ</span> <span class='ocrx_word' id='word_1_55' title='bbox 450 1184 556 1268; x_wconf 79' lang='grc' dir='ltr'><strong><em>τούτῳ</em></strong></span> <span class='ocrx_word' id='word_1_56' title='bbox 586 1182 739 1263; x_wconf 90' lang='lat' dir='ltr'>incipiens</span> <span class='ocrx_word' id='word_1_57' title='bbox 762 1201 856 1246; x_wconf 88' lang='lat' dir='ltr'>sensu</span> <span class='ocrx_word' id='word_1_58' title='bbox 879 1181 962 1247; x_wconf 91' lang='lat' dir='ltr'>iusto</span> <span class='ocrx_word' id='word_1_59' title='bbox 987 1185 1089 1267; x_wconf 89' lang='lat' dir='ltr'>caret;</span> <span class='ocrx_word' id='word_1_60' title='bbox 1119 1203 1193 1248; x_wconf 90' lang='lat' dir='ltr'>nam</span> <span class='ocrx_word' id='word_1_61' title='bbox 1220 1187 1251 1247; x_wconf 90' lang='lat' dir='ltr'>et</span> <span class='ocrx_word' id='word_1_62' title='bbox 1274 1183 1372 1266; x_wconf 90' lang='lat' dir='ltr'>parti·-</span> 
     </span>
     <span class='ocr_line' id='line_1_9' title="bbox 184 1293 1372 1379; baseline 0.003 -22"><span class='ocrx_word' id='word_1_63' title='bbox 184 1293 256 1357; x_wconf 88' lang='lat' dir='ltr'>cnla</span> <span class='ocrx_word' id='word_1_64' title='bbox 278 1294 328 1356; x_wconf 81' lang='grc' dir='ltr'>ὅτι</span> <span class='ocrx_word' id='word_1_65' title='bbox 351 1293 446 1372; x_wconf 81' lang='lat' dir='ltr'>deest,</span> <span class='ocrx_word' id='word_1_66' title='bbox 471 1312 623 1375; x_wconf 90' lang='lat' dir='ltr'>nequeea</span> <span class='ocrx_word' id='word_1_67' title='bbox 647 1311 725 1375; x_wconf 90' lang='lat' dir='ltr'>quae</span> <span class='ocrx_word' id='word_1_68' title='bbox 748 1295 936 1359; x_wconf 88' lang='lat' dir='ltr'>antecedunt</span> <span class='ocrx_word' id='word_1_69' title='bbox 959 1298 1090 1376; x_wconf 91' lang='lat' dir='ltr'>possunt</span> <span class='ocrx_word' id='word_1_70' title='bbox 1112 1295 1265 1379; x_wconf 75' lang='lat' dir='ltr'>intellegi,</span> <span class='ocrx_word' id='word_1_71' title='bbox 1290 1298 1372 1377; x_wconf 90' lang='lat' dir='ltr'>quod</span> 
     </span>
     <span class='ocr_line' id='line_1_10' title="bbox 184 1401 1373 1489; baseline 0 -19"><span class='ocrx_word' id='word_1_72' title='bbox 184 1406 340 1470; x_wconf 86' lang='lat' dir='ltr'>sententia</span> <span class='ocrx_word' id='word_1_73' title='bbox 373 1405 554 1489; x_wconf 91' lang='lat' dir='ltr'>principalis</span> <span class='ocrx_word' id='word_1_74' title='bbox 584 1401 740 1470; x_wconf 73' lang='lat' dir='ltr'>‘exotico</span> <span class='ocrx_word' id='word_1_75' title='bbox 770 1407 968 1489; x_wconf 74' lang='grc' dir='ltr'><strong><em>ὠνομάσθη</em></strong></span> <span class='ocrx_word' id='word_1_76' title='bbox 1005 1407 1211 1472; x_wconf 86' lang='lat' dir='ltr'>desideratur.</span> <span class='ocrx_word' id='word_1_77' title='bbox 1254 1405 1373 1472; x_wconf 89' lang='lat' dir='ltr'>accedit</span> 
     </span>
     <span class='ocr_line' id='line_1_11' title="bbox 184 1515 1372 1601; baseline 0.003 -21"><span class='ocrx_word' id='word_1_78' title='bbox 184 1517 267 1598; x_wconf 90' lang='lat' dir='ltr'>quod</span> <span class='ocrx_word' id='word_1_79' title='bbox 299 1534 374 1581; x_wconf 90' lang='lat' dir='ltr'>voce</span> <span class='ocrx_word' id='word_1_80' title='bbox 408 1515 541 1600; x_wconf 78' lang='grc' dir='ltr'><strong><em>ἐφεξῆς,</em></strong></span> <span class='ocrx_word' id='word_1_81' title='bbox 575 1535 653 1600; x_wconf 90' lang='lat' dir='ltr'>quae</span> <span class='ocrx_word' id='word_1_82' title='bbox 687 1518 858 1581; x_wconf 89' lang='lat' dir='ltr'>secundum</span> <span class='ocrx_word' id='word_1_83' title='bbox 895 1517 1009 1600; x_wconf 87' lang='lat' dir='ltr'>llgenii</span> <span class='ocrx_word' id='word_1_84' title='bbox 1043 1517 1237 1601; x_wconf 89' lang='lat' dir='ltr'>aliorumque</span> <span class='ocrx_word' id='word_1_85' title='bbox 1272 1521 1372 1583; x_wconf 89' lang='lat' dir='ltr'>inter·</span> 
     </span>
     <span class='ocr_line' id='line_1_12' title="bbox 184 1628 1373 1713; baseline 0.002 -21"><span class='ocrx_word' id='word_1_86' title='bbox 184 1628 392 1709; x_wconf 88' lang='lat' dir='ltr'>pretationem</span> <span class='ocrx_word' id='word_1_87' title='bbox 416 1648 477 1693; x_wconf 93' lang='lat' dir='ltr'>non</span> <span class='ocrx_word' id='word_1_88' title='bbox 501 1629 540 1693; x_wconf 88' lang='lat' dir='ltr'>ad</span> <span class='ocrx_word' id='word_1_89' title='bbox 563 1628 675 1706; x_wconf 79' lang='lat' dir='ltr'>ecelin,</span> <span class='ocrx_word' id='word_1_90' title='bbox 702 1629 758 1692; x_wconf 91' lang='lat' dir='ltr'>sed</span> <span class='ocrx_word' id='word_1_91' title='bbox 781 1629 820 1692; x_wconf 86' lang='lat' dir='ltr'>ed</span> <span class='ocrx_word' id='word_1_92' title='bbox 843 1629 978 1693; x_wconf 88' lang='lat' dir='ltr'>alterum</span> <span class='ocrx_word' id='word_1_93' title='bbox 1003 1628 1177 1694; x_wconf 84' lang='lat' dir='ltr'>carminum</span> <span class='ocrx_word' id='word_1_94' title='bbox 1201 1648 1299 1713; x_wconf 82' lang='lat' dir='ltr'>genus</span> <span class='ocrx_word' id='word_1_95' title='bbox 1321 1649 1373 1694; x_wconf 90' lang='lat' dir='ltr'>re-</span> 
     </span>
     <span class='ocr_line' id='line_1_13' title="bbox 185 1739 1373 1824; baseline 0.003 -21"><span class='ocrx_word' id='word_1_96' title='bbox 185 1739 311 1805; x_wconf 85' lang='lat' dir='ltr'>ferenda</span> <span class='ocrx_word' id='word_1_97' title='bbox 334 1743 399 1818; x_wconf 88' lang='lat' dir='ltr'>est,</span> <span class='ocrx_word' id='word_1_98' title='bbox 423 1743 530 1824; x_wconf 89' lang='lat' dir='ltr'>aperte</span> <span class='ocrx_word' id='word_1_99' title='bbox 545 1761 563 1806; x_wconf 97' lang='lat' dir='ltr'>a</span> <span class='ocrx_word' id='word_1_100' title='bbox 578 1739 753 1804; x_wconf 85' lang='lat' dir='ltr'>Plutarcho</span> <span class='ocrx_word' id='word_1_101' title='bbox 777 1743 867 1819; x_wconf 86' lang='lat' dir='ltr'>ratic,</span> <span class='ocrx_word' id='word_1_102' title='bbox 891 1742 1001 1822; x_wconf 92' lang='lat' dir='ltr'>quain</span> <span class='ocrx_word' id='word_1_103' title='bbox 1018 1741 1123 1806; x_wconf 88' lang='lat' dir='ltr'>scoliis</span> <span class='ocrx_word' id='word_1_104' title='bbox 1139 1741 1282 1806; x_wconf 86' lang='lat' dir='ltr'>canendis</span> <span class='ocrx_word' id='word_1_105' title='bbox 1301 1746 1373 1806; x_wconf 93' lang='lat' dir='ltr'>ute·</span> 
     </span>
     <span class='ocr_line' id='line_1_14' title="bbox 184 1849 1374 1937; baseline 0.002 -23"><span class='ocrx_word' id='word_1_106' title='bbox 184 1849 309 1928; x_wconf 88' lang='lat' dir='ltr'>bantur,</span> <span class='ocrx_word' id='word_1_107' title='bbox 333 1852 543 1934; x_wconf 83' lang='lat' dir='ltr'>significatur,</span> <span class='ocrx_word' id='word_1_108' title='bbox 579 1871 649 1916; x_wconf 90' lang='lat' dir='ltr'>curn</span> <span class='ocrx_word' id='word_1_109' title='bbox 674 1852 723 1916; x_wconf 93' lang='lat' dir='ltr'>his</span> <span class='ocrx_word' id='word_1_110' title='bbox 747 1854 856 1935; x_wconf 85' lang='lat' dir='ltr'>pergat</span> <span class='ocrx_word' id='word_1_111' title='bbox 879 1851 935 1916; x_wconf 91' lang='lat' dir='ltr'>ille</span> <span class='ocrx_word' id='word_1_112' title='bbox 960 1852 1076 1917; x_wconf 89' lang='lat' dir='ltr'>verbis:</span> <span class='ocrx_word' id='word_1_113' title='bbox 1113 1857 1207 1917; x_wconf 78' lang='grc' dir='ltr'><strong><em>ἄλλοι</em></strong></span> <span class='ocrx_word' id='word_1_114' title='bbox 1230 1854 1267 1918; x_wconf 87' lang='grc' dir='ltr'>δέ</span> <span class='ocrx_word' id='word_1_115' title='bbox 1290 1871 1374 1937; x_wconf 86' lang='grc' dir='ltr'><strong><em>φασι</em></strong></span> 
     </span>
     <span class='ocr_line' id='line_1_15' title="bbox 184 1963 1374 2048; baseline 0.002 -20"><span class='ocrx_word' id='word_1_116' title='bbox 184 1963 245 2044; x_wconf 78' lang='grc' dir='ltr'><strong><em>τὴν</em></strong></span> <span class='ocrx_word' id='word_1_117' title='bbox 268 1970 433 2048; x_wconf 86' lang='grc' dir='ltr'><strong><em>μυρσίνην</em></strong></span> <span class='ocrx_word' id='word_1_118' title='bbox 456 1964 497 2027; x_wconf 87' lang='grc' dir='ltr'>οὐ</span> <span class='ocrx_word' id='word_1_119' title='bbox 520 1963 661 2047; x_wconf 79' lang='grc' dir='ltr'><strong><em>καθεξῆς</em></strong></span> <span class='ocrx_word' id='word_1_120' title='bbox 682 1964 837 2045; x_wconf 81' lang='grc' dir='ltr'><strong><em>βαδίζειν.</em></strong></span> <span class='ocrx_word' id='word_1_121' title='bbox 860 1982 938 2045; x_wconf 86' lang='lat' dir='ltr'>quae</span> <span class='ocrx_word' id='word_1_122' title='bbox 962 1982 1035 2028; x_wconf 85' lang='lat' dir='ltr'>cum</span> <span class='ocrx_word' id='word_1_123' title='bbox 1058 1965 1104 2029; x_wconf 85' lang='lat' dir='ltr'>ita</span> <span class='ocrx_word' id='word_1_124' title='bbox 1126 1965 1197 2040; x_wconf 87' lang='lat' dir='ltr'>sint,</span> <span class='ocrx_word' id='word_1_125' title='bbox 1222 1965 1289 2028; x_wconf 84' lang='lat' dir='ltr'>luce</span> <span class='ocrx_word' id='word_1_126' title='bbox 1311 1965 1374 2030; x_wconf 81' lang='lat' dir='ltr'>cla·</span> 
     </span>
     <span class='ocr_line' id='line_1_16' title="bbox 183 2075 1374 2159; baseline 0.002 -20"><span class='ocrx_word' id='word_1_127' title='bbox 183 2075 248 2139; x_wconf 89' lang='lat' dir='ltr'>rius</span> <span class='ocrx_word' id='word_1_128' title='bbox 271 2077 400 2158; x_wconf 88' lang='lat' dir='ltr'>apparet</span> <span class='ocrx_word' id='word_1_129' title='bbox 418 2075 629 2140; x_wconf 88' lang='lat' dir='ltr'>Plutarchum</span> <span class='ocrx_word' id='word_1_130' title='bbox 652 2075 717 2153; x_wconf 88' lang='lat' dir='ltr'>vel,</span> <span class='ocrx_word' id='word_1_131' title='bbox 741 2075 778 2138; x_wconf 91' lang='lat' dir='ltr'>ut</span> <span class='ocrx_word' id='word_1_132' title='bbox 800 2078 916 2141; x_wconf 90' lang='lat' dir='ltr'>rectius</span> <span class='ocrx_word' id='word_1_133' title='bbox 939 2075 1055 2154; x_wconf 89' lang='lat' dir='ltr'>dicam,</span> <span class='ocrx_word' id='word_1_134' title='bbox 1079 2079 1254 2155; x_wconf 85' lang='lat' dir='ltr'>auctorem,</span> <span class='ocrx_word' id='word_1_135' title='bbox 1279 2097 1374 2159; x_wconf 92' lang='lat' dir='ltr'>quem</span> 
     </span>
     <span class='ocr_line' id='line_1_17' title="bbox 184 2185 1374 2263; baseline 0.002 -13"><span class='ocrx_word' id='word_1_136' title='bbox 184 2185 240 2250; x_wconf 90' lang='lat' dir='ltr'>ille</span> <span class='ocrx_word' id='word_1_137' title='bbox 262 2190 387 2252; x_wconf 87' lang='lat' dir='ltr'>secutus</span> <span class='ocrx_word' id='word_1_138' title='bbox 410 2189 457 2251; x_wconf 90' lang='lat' dir='ltr'>est</span> <span class='ocrx_word' id='word_1_139' title='bbox 480 2186 537 2250; x_wconf 91' lang='lat' dir='ltr'>hoc</span> <span class='ocrx_word' id='word_1_140' title='bbox 560 2187 645 2263; x_wconf 92' lang='lat' dir='ltr'>loco,</span> <span class='ocrx_word' id='word_1_141' title='bbox 678 2205 739 2251; x_wconf 92' lang='lat' dir='ltr'>non</span> <span class='ocrx_word' id='word_1_142' title='bbox 763 2205 834 2250; x_wconf 92' lang='lat' dir='ltr'>cum</span> <span class='ocrx_word' id='word_1_143' title='bbox 857 2187 1048 2251; x_wconf 87' lang='lat' dir='ltr'>Dicaearcho</span> <span class='ocrx_word' id='word_1_144' title='bbox 1073 2188 1105 2252; x_wconf 92' lang='lat' dir='ltr'>et</span> <span class='ocrx_word' id='word_1_145' title='bbox 1128 2188 1300 2252; x_wconf 87' lang='lat' dir='ltr'>Artemone</span> <span class='ocrx_word' id='word_1_146' title='bbox 1324 2188 1374 2254; x_wconf 89' lang='lat' dir='ltr'>fa-</span> 
     </span>
     <span class='ocr_line' id='line_1_18' title="bbox 182 2298 1375 2382; baseline 0 -18"><span class='ocrx_word' id='word_1_147' title='bbox 182 2318 268 2378; x_wconf 91' lang='lat' dir='ltr'>cere,</span> <span class='ocrx_word' id='word_1_148' title='bbox 307 2298 361 2381; x_wconf 94' lang='lat' dir='ltr'>qui</span> <span class='ocrx_word' id='word_1_149' title='bbox 394 2300 526 2364; x_wconf 90' lang='lat' dir='ltr'>tradunt</span> <span class='ocrx_word' id='word_1_150' title='bbox 560 2299 622 2364; x_wconf 91' lang='lat' dir='ltr'>tria</span> <span class='ocrx_word' id='word_1_151' title='bbox 658 2299 755 2363; x_wconf 86' lang='lat' dir='ltr'>fuisse</span> <span class='ocrx_word' id='word_1_152' title='bbox 784 2298 959 2363; x_wconf 89' lang='lat' dir='ltr'>carminum</span> <span class='ocrx_word' id='word_1_153' title='bbox 993 2299 1208 2365; x_wconf 81' lang='lat' dir='ltr'>convivalium</span> <span class='ocrx_word' id='word_1_154' title='bbox 1244 2318 1375 2382; x_wconf 87' lang='lat' dir='ltr'>genera:</span> 
     </span>
     <span class='ocr_line' id='line_1_19' title="bbox 184 2410 1375 2494; baseline 0 -19"><span class='ocrx_word' id='word_1_155' title='bbox 184 2411 338 2494; x_wconf 90' lang='lat' dir='ltr'>primurn,</span> <span class='ocrx_word' id='word_1_156' title='bbox 362 2412 446 2494; x_wconf 90' lang='lat' dir='ltr'>quod</span> <span class='ocrx_word' id='word_1_157' title='bbox 467 2412 506 2476; x_wconf 89' lang='lat' dir='ltr'>ab</span> <span class='ocrx_word' id='word_1_158' title='bbox 530 2410 673 2476; x_wconf 88' lang='lat' dir='ltr'>omnibus</span> <span class='ocrx_word' id='word_1_159' title='bbox 696 2411 802 2488; x_wconf 92' lang='lat' dir='ltr'>simul,</span> <span class='ocrx_word' id='word_1_160' title='bbox 831 2411 975 2491; x_wconf 89' lang='lat' dir='ltr'>alterurn,</span> <span class='ocrx_word' id='word_1_161' title='bbox 1000 2414 1082 2493; x_wconf 90' lang='lat' dir='ltr'>quod</span> <span class='ocrx_word' id='word_1_162' title='bbox 1105 2411 1143 2475; x_wconf 92' lang='lat' dir='ltr'>ah</span> <span class='ocrx_word' id='word_1_163' title='bbox 1167 2411 1312 2476; x_wconf 91' lang='lat' dir='ltr'>omnibus</span> <span class='ocrx_word' id='word_1_164' title='bbox 1336 2431 1375 2476; x_wconf 85' lang='lat' dir='ltr'>ex</span> 
     </span>
     <span class='ocr_line' id='line_1_20' title="bbox 184 2522 1371 2607; baseline 0 -19"><span class='ocrx_word' id='word_1_165' title='bbox 184 2524 303 2602; x_wconf 91' lang='lat' dir='ltr'>ordine,</span> <span class='ocrx_word' id='word_1_166' title='bbox 326 2524 466 2601; x_wconf 92' lang='lat' dir='ltr'>tertium,</span> <span class='ocrx_word' id='word_1_167' title='bbox 490 2525 572 2607; x_wconf 90' lang='lat' dir='ltr'>quod</span> <span class='ocrx_word' id='word_1_168' title='bbox 594 2541 655 2587; x_wconf 92' lang='lat' dir='ltr'>non</span> <span class='ocrx_word' id='word_1_169' title='bbox 679 2523 718 2588; x_wconf 89' lang='lat' dir='ltr'>ab</span> <span class='ocrx_word' id='word_1_170' title='bbox 741 2522 904 2597; x_wconf 92' lang='lat' dir='ltr'>omnibus,</span> <span class='ocrx_word' id='word_1_171' title='bbox 928 2524 982 2588; x_wconf 90' lang='lat' dir='ltr'>sed</span> <span class='ocrx_word' id='word_1_172' title='bbox 1005 2542 1024 2586; x_wconf 90' lang='lat' dir='ltr'>a</span> <span class='ocrx_word' id='word_1_173' title='bbox 1047 2523 1225 2588; x_wconf 85' lang='lat' dir='ltr'>doctissimo</span> <span class='ocrx_word' id='word_1_174' title='bbox 1249 2540 1371 2606; x_wconf 93' lang='lat' dir='ltr'>quoque</span> 
     </span>
     <span class='ocr_line' id='line_1_21' title="bbox 187 2636 944 2717; baseline -0.003 -17"><span class='ocrx_word' id='word_1_175' title='bbox 187 2637 303 2702; x_wconf 90' lang='lat' dir='ltr'>ordinis</span> <span class='ocrx_word' id='word_1_176' title='bbox 326 2637 471 2717; x_wconf 90' lang='lat' dir='ltr'>respectu</span> <span class='ocrx_word' id='word_1_177' title='bbox 492 2654 554 2700; x_wconf 91' lang='lat' dir='ltr'>non</span> <span class='ocrx_word' id='word_1_178' title='bbox 577 2636 683 2700; x_wconf 88' lang='lat' dir='ltr'>habito</span> <span class='ocrx_word' id='word_1_179' title='bbox 707 2638 871 2700; x_wconf 89' lang='lat' dir='ltr'>cantatum</span> <span class='ocrx_word' id='word_1_180' title='bbox 893 2636 944 2699; x_wconf 90' lang='lat' dir='ltr'>sit.</span> 
     </span>
    </p>

    <p class='ocr_par' dir='ltr' id='par_1_3' title="bbox 183 2746 1436 4397">
     <span class='ocr_line' id='line_1_22' title="bbox 290 2746 1374 2813; baseline 0 -1"><span class='ocrx_word' id='word_1_181' title='bbox 290 2749 349 2813; x_wconf 85' lang='lat' dir='ltr'>Sed</span> <span class='ocrx_word' id='word_1_182' title='bbox 371 2752 405 2812; x_wconf 87' lang='lat' dir='ltr'>ut</span> <span class='ocrx_word' id='word_1_183' title='bbox 429 2748 522 2811; x_wconf 87' lang='lat' dir='ltr'>misso</span> <span class='ocrx_word' id='word_1_184' title='bbox 544 2747 671 2812; x_wconf 87' lang='lat' dir='ltr'>interim</span> <span class='ocrx_word' id='word_1_185' title='bbox 688 2746 853 2811; x_wconf 87' lang='lat' dir='ltr'>Plutarchi</span> <span class='ocrx_word' id='word_1_186' title='bbox 868 2749 936 2813; x_wconf 90' lang='lat' dir='ltr'>loco</span> <span class='ocrx_word' id='word_1_187' title='bbox 958 2747 996 2812; x_wconf 89' lang='lat' dir='ltr'>de</span> <span class='ocrx_word' id='word_1_188' title='bbox 1013 2747 1196 2812; x_wconf 86' lang='lat' dir='ltr'>Dicaearchi</span> <span class='ocrx_word' id='word_1_189' title='bbox 1215 2746 1374 2812; x_wconf 90' lang='lat' dir='ltr'>sententia</span> 
     </span>
     <span class='ocr_line' id='line_1_23' title="bbox 184 2858 1371 2942; baseline -0.002 -18"><span class='ocrx_word' id='word_1_190' title='bbox 184 2897 227 2907; x_wconf 93' lang='lat'>—</span> <span class='ocrx_word' id='word_1_191' title='bbox 241 2878 315 2924; x_wconf 88' lang='lat' dir='ltr'>nam</span> <span class='ocrx_word' id='word_1_192' title='bbox 329 2858 531 2923; x_wconf 82' lang='lat' dir='ltr'>Artemonem</span> <span class='ocrx_word' id='word_1_193' title='bbox 547 2859 731 2924; x_wconf 88' lang='lat' dir='ltr'>Dicaearchi</span> <span class='ocrx_word' id='word_1_194' title='bbox 746 2860 841 2923; x_wconf 89' lang='lat' dir='ltr'>verba</span> <span class='ocrx_word' id='word_1_195' title='bbox 857 2863 995 2942; x_wconf 89' lang='lat' dir='ltr'>repetere</span> <span class='ocrx_word' id='word_1_196' title='bbox 1011 2861 1150 2941; x_wconf 89' lang='lat' dir='ltr'>patet-</span> <span class='ocrx_word' id='word_1_197' title='bbox 1163 2859 1371 2940; x_wconf 89' lang='lat' dir='ltr'>disputemus,</span> 
     </span>
     <span class='ocr_line' id='line_1_24' title="bbox 186 2970 1375 3052; baseline -0.003 -15"><span class='ocrx_word' id='word_1_198' title='bbox 186 2972 386 3037; x_wconf 91' lang='lat' dir='ltr'>vehementer</span> <span class='ocrx_word' id='word_1_199' title='bbox 409 2971 577 3036; x_wconf 92' lang='lat' dir='ltr'>dolendum</span> <span class='ocrx_word' id='word_1_200' title='bbox 602 2973 659 3046; x_wconf 91' lang='lat' dir='ltr'>est,</span> <span class='ocrx_word' id='word_1_201' title='bbox 688 2972 768 3052; x_wconf 93' lang='lat' dir='ltr'>quod</span> <span class='ocrx_word' id='word_1_202' title='bbox 791 2972 846 3034; x_wconf 90' lang='lat' dir='ltr'>ille</span> <span class='ocrx_word' id='word_1_203' title='bbox 869 2971 977 3035; x_wconf 88' lang='lat' dir='ltr'>afferre</span> <span class='ocrx_word' id='word_1_204' title='bbox 1006 2971 1121 3050; x_wconf 88' lang='lat' dir='ltr'>omisit,</span> <span class='ocrx_word' id='word_1_205' title='bbox 1154 2988 1232 3052; x_wconf 88' lang='lat' dir='ltr'>quae</span> <span class='ocrx_word' id='word_1_206' title='bbox 1262 2970 1375 3051; x_wconf 92' lang='lat' dir='ltr'>cuique</span> 
     </span>
     <span class='ocr_line' id='line_1_25' title="bbox 183 3081 1376 3166; baseline -0.002 -18"><span class='ocrx_word' id='word_1_207' title='bbox 183 3084 290 3166; x_wconf 85' lang='lat' dir='ltr'>generi</span> <span class='ocrx_word' id='word_1_208' title='bbox 314 3084 453 3148; x_wconf 88' lang='lat' dir='ltr'>carmina</span> <span class='ocrx_word' id='word_1_209' title='bbox 475 3083 540 3146; x_wconf 90' lang='lat' dir='ltr'>sint</span> <span class='ocrx_word' id='word_1_210' title='bbox 561 3083 768 3161; x_wconf 87' lang='lat' dir='ltr'>attribuenda,</span> <span class='ocrx_word' id='word_1_211' title='bbox 795 3084 826 3147; x_wconf 92' lang='lat' dir='ltr'>id</span> <span class='ocrx_word' id='word_1_212' title='bbox 850 3085 932 3165; x_wconf 88' lang='lat' dir='ltr'>qnod</span> <span class='ocrx_word' id='word_1_213' title='bbox 954 3083 1019 3147; x_wconf 88' lang='lat' dir='ltr'>sine</span> <span class='ocrx_word' id='word_1_214' title='bbox 1043 3083 1135 3148; x_wconf 90' lang='lat' dir='ltr'>dubio</span> <span class='ocrx_word' id='word_1_215' title='bbox 1159 3086 1207 3146; x_wconf 90' lang='lat' dir='ltr'>est</span> <span class='ocrx_word' id='word_1_216' title='bbox 1222 3081 1376 3164; x_wconf 84' lang='lat' dir='ltr'>gravissi-</span> 
     </span>
     <span class='ocr_line' id='line_1_26' title="bbox 185 3192 1375 3280; baseline -0.003 -20"><span class='ocrx_word' id='word_1_217' title='bbox 185 3216 282 3261; x_wconf 92' lang='lat' dir='ltr'>mum.</span> <span class='ocrx_word' id='word_1_218' title='bbox 313 3217 374 3279; x_wconf 92' lang='lat' dir='ltr'>qua</span> <span class='ocrx_word' id='word_1_219' title='bbox 401 3197 439 3260; x_wconf 92' lang='lat' dir='ltr'>de</span> <span class='ocrx_word' id='word_1_220' title='bbox 470 3215 502 3260; x_wconf 89' lang='lat' dir='ltr'>re</span> <span class='ocrx_word' id='word_1_221' title='bbox 532 3195 653 3276; x_wconf 86' lang='lat' dir='ltr'>primus</span> <span class='ocrx_word' id='word_1_222' title='bbox 682 3195 858 3277; x_wconf 86' lang='lat' dir='ltr'>disputavit</span> <span class='ocrx_word' id='word_1_223' title='bbox 888 3196 978 3280; x_wconf 88' lang='lat' dir='ltr'>Ilgen</span> <span class='ocrx_word' id='word_1_224' title='bbox 1009 3215 1038 3277; x_wconf 91' lang='lat' dir='ltr'>p.</span> <span class='ocrx_word' id='word_1_225' title='bbox 1071 3194 1155 3259; x_wconf 82' lang='lat' dir='ltr'>CLII</span> <span class='ocrx_word' id='word_1_226' title='bbox 1179 3213 1254 3276; x_wconf 76' lang='lat' dir='ltr'>sqq,</span> <span class='ocrx_word' id='word_1_227' title='bbox 1286 3192 1375 3257; x_wconf 90' lang='lat' dir='ltr'>cuius</span> 
     </span>
     <span class='ocr_line' id='line_1_27' title="bbox 185 3306 1436 3390; baseline -0.004 -17"><span class='ocrx_word' id='word_1_228' title='bbox 185 3307 407 3390; x_wconf 88' lang='lat' dir='ltr'>disputationis</span> <span class='ocrx_word' id='word_1_229' title='bbox 441 3326 565 3372; x_wconf 88' lang='lat' dir='ltr'>summa</span> <span class='ocrx_word' id='word_1_230' title='bbox 595 3307 669 3372; x_wconf 88' lang='lat' dir='ltr'>haec</span> <span class='ocrx_word' id='word_1_231' title='bbox 702 3312 764 3374; x_wconf 88' lang='lat' dir='ltr'>est:</span> <span class='ocrx_word' id='word_1_232' title='bbox 800 3309 926 3373; x_wconf 88' lang='lat' dir='ltr'>initium</span> <span class='ocrx_word' id='word_1_233' title='bbox 961 3306 1092 3372; x_wconf 91' lang='lat' dir='ltr'>canendi</span> <span class='ocrx_word' id='word_1_234' title='bbox 1126 3308 1220 3371; x_wconf 87' lang='lat' dir='ltr'>fiebat</span> <span class='ocrx_word' id='word_1_235' title='bbox 1255 3324 1372 3387; x_wconf 87' lang='lat' dir='ltr'>paeane</span> <span class='ocrx_word' id='word_1_236' title='bbox 1433 3335 1436 3339; x_wconf 94' lang='lat'>·</span> 
     </span>
     <span class='ocr_line' id='line_1_28' title="bbox 185 3419 1374 3500; baseline -0.003 -16"><span class='ocrx_word' id='word_1_237' title='bbox 185 3421 217 3488; x_wconf 89' lang='lat' dir='ltr'>h.</span> <span class='ocrx_word' id='word_1_238' title='bbox 247 3439 273 3483; x_wconf 92' lang='lat' dir='ltr'>e.</span> <span class='ocrx_word' id='word_1_239' title='bbox 306 3421 443 3485; x_wconf 88' lang='lat' dir='ltr'>carmine</span> <span class='ocrx_word' id='word_1_240' title='bbox 476 3420 509 3483; x_wconf 93' lang='lat' dir='ltr'>in</span> <span class='ocrx_word' id='word_1_241' title='bbox 539 3419 590 3484; x_wconf 90' lang='lat' dir='ltr'>dei</span> <span class='ocrx_word' id='word_1_242' title='bbox 621 3419 753 3484; x_wconf 88' lang='lat' dir='ltr'>alicuius</span> <span class='ocrx_word' id='word_1_243' title='bbox 782 3420 938 3497; x_wconf 88' lang='lat' dir='ltr'>honorem,</span> <span class='ocrx_word' id='word_1_244' title='bbox 972 3437 1064 3500; x_wconf 90' lang='lat' dir='ltr'>quem</span> <span class='ocrx_word' id='word_1_245' title='bbox 1094 3436 1202 3482; x_wconf 92' lang='lat' dir='ltr'>omnes</span> <span class='ocrx_word' id='word_1_246' title='bbox 1231 3436 1292 3482; x_wconf 93' lang='lat' dir='ltr'>unc</span> <span class='ocrx_word' id='word_1_247' title='bbox 1321 3435 1374 3481; x_wconf 92' lang='lat' dir='ltr'>ore</span> 
     </span>
     <span class='ocr_line' id='line_1_29' title="bbox 185 3526 1378 3616; baseline -0.003 -20"><span class='ocrx_word' id='word_1_248' title='bbox 185 3532 350 3596; x_wconf 87' lang='lat' dir='ltr'>canebant.</span> <span class='ocrx_word' id='word_1_249' title='bbox 376 3530 512 3597; x_wconf 88' lang='lat' dir='ltr'>alterum</span> <span class='ocrx_word' id='word_1_250' title='bbox 536 3549 635 3614; x_wconf 84' lang='lat' dir='ltr'>genus</span> <span class='ocrx_word' id='word_1_251' title='bbox 658 3535 726 3595; x_wconf 88' lang='lat' dir='ltr'>erat</span> <span class='ocrx_word' id='word_1_252' title='bbox 755 3531 821 3594; x_wconf 82' lang='grc' dir='ltr'>ὑπὸ</span> <span class='ocrx_word' id='word_1_253' title='bbox 849 3534 985 3594; x_wconf 79' lang='grc' dir='ltr'><strong><em>πάντων</em></strong></span> <span class='ocrx_word' id='word_1_254' title='bbox 1015 3526 1181 3616; x_wconf 77' lang='grc' dir='ltr'><strong><em>ᾀδόμενον</em></strong></span> <span class='ocrx_word' id='word_1_255' title='bbox 1210 3528 1287 3592; x_wconf 77' lang='grc' dir='ltr'>καθ’</span> <span class='ocrx_word' id='word_1_256' title='bbox 1317 3528 1378 3593; x_wconf 80' lang='grc' dir='ltr'><strong><em>ἕνα</em></strong></span> 
     </span>
     <span class='ocr_line' id='line_1_30' title="bbox 186 3641 1376 3728; baseline -0.004 -19"><span class='ocrx_word' id='word_1_257' title='bbox 186 3645 269 3728; x_wconf 77' lang='grc' dir='ltr'><strong><em>ἑξῆς,</em></strong></span> <span class='ocrx_word' id='word_1_258' title='bbox 299 3662 359 3727; x_wconf 92' lang='lat' dir='ltr'>quo</span> <span class='ocrx_word' id='word_1_259' title='bbox 387 3643 630 3709; x_wconf 89' lang='lat' dir='ltr'>continebantur</span> <span class='ocrx_word' id='word_1_260' title='bbox 660 3643 838 3720; x_wconf 83' lang='lat' dir='ltr'>Stesichori,</span> <span class='ocrx_word' id='word_1_261' title='bbox 869 3641 1038 3707; x_wconf 86' lang='lat' dir='ltr'>Simonidis</span> <span class='ocrx_word' id='word_1_262' title='bbox 1067 3641 1261 3724; x_wconf 89' lang='lat' dir='ltr'>aliorumque</span> <span class='ocrx_word' id='word_1_263' title='bbox 1283 3659 1376 3722; x_wconf 90' lang='lat' dir='ltr'>praa·</span> 
     </span>
     <span class='ocr_line' id='line_1_31' title="bbox 186 3753 1376 3838; baseline -0.003 -17"><span class='ocrx_word' id='word_1_264' title='bbox 186 3754 453 3821; x_wconf 86' lang='lat' dir='ltr'>stantissimorum</span> <span class='ocrx_word' id='word_1_265' title='bbox 484 3760 645 3838; x_wconf 88' lang='lat' dir='ltr'>poetarum</span> <span class='ocrx_word' id='word_1_266' title='bbox 681 3755 833 3830; x_wconf 87' lang='lat' dir='ltr'>carmina;</span> <span class='ocrx_word' id='word_1_267' title='bbox 868 3757 899 3818; x_wconf 93' lang='lat' dir='ltr'>in</span> <span class='ocrx_word' id='word_1_268' title='bbox 930 3753 1040 3836; x_wconf 89' lang='lat' dir='ltr'>primis</span> <span class='ocrx_word' id='word_1_269' title='bbox 1069 3770 1140 3817; x_wconf 90' lang='lat' dir='ltr'>vero</span> <span class='ocrx_word' id='word_1_270' title='bbox 1170 3753 1376 3818; x_wconf 87' lang='lat' dir='ltr'>Anacreontis</span> 
     </span>
     <span class='ocr_line' id='line_1_32' title="bbox 184 3865 1378 3951; baseline -0.001 -19"><span class='ocrx_word' id='word_1_271' title='bbox 184 3869 363 3951; x_wconf 86' lang='lat' dir='ltr'>suspicatur</span> <span class='ocrx_word' id='word_1_272' title='bbox 392 3869 480 3950; x_wconf 84' lang='lat' dir='ltr'>llgen</span> <span class='ocrx_word' id='word_1_273' title='bbox 510 3869 543 3932; x_wconf 91' lang='lat' dir='ltr'>et</span> <span class='ocrx_word' id='word_1_274' title='bbox 570 3867 635 3932; x_wconf 90' lang='lat' dir='ltr'>alia</span> <span class='ocrx_word' id='word_1_275' title='bbox 668 3865 734 3930; x_wconf 91' lang='lat' dir='ltr'>eius</span> <span class='ocrx_word' id='word_1_276' title='bbox 768 3867 891 3949; x_wconf 85' lang='lat' dir='ltr'>generis</span> <span class='ocrx_word' id='word_1_277' title='bbox 928 3865 1036 3931; x_wconf 88' lang='lat' dir='ltr'>odaria</span> <span class='ocrx_word' id='word_1_278' title='bbox 1065 3865 1183 3930; x_wconf 86' lang='lat' dir='ltr'>adhoc</span> <span class='ocrx_word' id='word_1_279' title='bbox 1215 3884 1290 3929; x_wconf 89' lang='lat' dir='ltr'>usus</span> <span class='ocrx_word' id='word_1_280' title='bbox 1320 3867 1378 3931; x_wconf 88' lang='lat' dir='ltr'>ad-</span> 
     </span>
     <span class='ocr_line' id='line_1_33' title="bbox 186 3978 1375 4067; baseline -0.002 -24"><span class='ocrx_word' id='word_1_281' title='bbox 186 3979 292 4044; x_wconf 88' lang='lat' dir='ltr'>hibita</span> <span class='ocrx_word' id='word_1_282' title='bbox 310 3998 386 4045; x_wconf 83' lang='lat' dir='ltr'>esse.</span> <span class='ocrx_word' id='word_1_283' title='bbox 410 3978 523 4062; x_wconf 91' lang='lat' dir='ltr'>quibus</span> <span class='ocrx_word' id='word_1_284' title='bbox 547 3979 738 4043; x_wconf 90' lang='lat' dir='ltr'>carminibus</span> <span class='ocrx_word' id='word_1_285' title='bbox 761 3997 875 4042; x_wconf 91' lang='lat' dir='ltr'>nomeu</span> <span class='ocrx_word' id='word_1_286' title='bbox 898 3978 996 4067; x_wconf 81' lang='lat' dir='ltr'>fuisse</span> <span class='ocrx_word' id='word_1_287' title='bbox 1019 3978 1165 4059; x_wconf 90' lang='lat' dir='ltr'>opinatur</span> <span class='ocrx_word' id='word_1_288' title='bbox 1179 3978 1375 4060; x_wconf 81' lang='grc' dir='ltr'><strong><em>παροινίας.</em></strong></span> 
     </span>
     <span class='ocr_line' id='line_1_34' title="bbox 187 4087 1375 4174; baseline -0.003 -18"><span class='ocrx_word' id='word_1_289' title='bbox 187 4093 317 4156; x_wconf 85' lang='lat' dir='ltr'>tertium</span> <span class='ocrx_word' id='word_1_290' title='bbox 340 4092 473 4174; x_wconf 92' lang='lat' dir='ltr'>denique</span> <span class='ocrx_word' id='word_1_291' title='bbox 489 4109 588 4173; x_wconf 88' lang='lat' dir='ltr'>genus</span> <span class='ocrx_word' id='word_1_292' title='bbox 604 4090 701 4155; x_wconf 88' lang='lat' dir='ltr'>fuisse</span> <span class='ocrx_word' id='word_1_293' title='bbox 719 4091 826 4169; x_wconf 88' lang='lat' dir='ltr'>seclia,</span> <span class='ocrx_word' id='word_1_294' title='bbox 850 4109 927 4173; x_wconf 90' lang='lat' dir='ltr'>quae</span> <span class='ocrx_word' id='word_1_295' title='bbox 943 4110 961 4155; x_wconf 93' lang='lat' dir='ltr'>a</span> <span class='ocrx_word' id='word_1_296' title='bbox 978 4089 1113 4170; x_wconf 88' lang='lat' dir='ltr'>singulis</span> <span class='ocrx_word' id='word_1_297' title='bbox 1129 4106 1190 4152; x_wconf 91' lang='lat' dir='ltr'>non</span> <span class='ocrx_word' id='word_1_298' title='bbox 1206 4106 1242 4151; x_wconf 83' lang='lat' dir='ltr'>ex</span> <span class='ocrx_word' id='word_1_299' title='bbox 1258 4087 1375 4165; x_wconf 90' lang='lat' dir='ltr'>urdine,</span> 
     </span>
     <span class='ocr_line' id='line_1_35' title="bbox 185 4189 1378 4285; baseline 0.001 -19"><span class='ocrx_word' id='word_1_300' title='bbox 185 4204 243 4268; x_wconf 86' lang='lat' dir='ltr'>sed</span> <span class='ocrx_word' id='word_1_301' title='bbox 266 4205 360 4285; x_wconf 88' lang='lat' dir='ltr'>prout</span> <span class='ocrx_word' id='word_1_302' title='bbox 383 4203 549 4268; x_wconf 86' lang='lat' dir='ltr'>arbitrium</span> <span class='ocrx_word' id='word_1_303' title='bbox 572 4203 782 4269; x_wconf 82' lang='lat' dir='ltr'>convivatoris</span> <span class='ocrx_word' id='word_1_304' title='bbox 805 4189 923 4282; x_wconf 88' lang='lat' dir='ltr'>tulerit,</span> <span class='ocrx_word' id='word_1_305' title='bbox 951 4202 1078 4267; x_wconf 89' lang='lat' dir='ltr'>cantata</span> <span class='ocrx_word' id='word_1_306' title='bbox 1093 4201 1164 4265; x_wconf 87' lang='lat' dir='ltr'>sint.</span> <span class='ocrx_word' id='word_1_307' title='bbox 1189 4218 1378 4282; x_wconf 88' lang='lat' dir='ltr'>quamquam</span> 
     </span>
     <span class='ocr_line' id='line_1_36' title="bbox 190 4304 1379 4397; baseline -0.001 -18"><span class='ocrx_word' id='word_1_308' title='bbox 190 4304 346 4396; x_wconf 88' lang='lat' dir='ltr'>Ilgenium</span> <span class='ocrx_word' id='word_1_309' title='bbox 370 4314 421 4378; x_wconf 91' lang='lat' dir='ltr'>hic</span> <span class='ocrx_word' id='word_1_310' title='bbox 445 4315 502 4380; x_wconf 89' lang='lat' dir='ltr'>sibi</span> <span class='ocrx_word' id='word_1_311' title='bbox 517 4314 620 4397; x_wconf 93' lang='lat' dir='ltr'>ipsum</span> <span class='ocrx_word' id='word_1_312' title='bbox 637 4313 764 4396; x_wconf 91' lang='lat' dir='ltr'>obloqui</span> <span class='ocrx_word' id='word_1_313' title='bbox 780 4313 870 4378; x_wconf 85' lang='lat' dir='ltr'>facile</span> <span class='ocrx_word' id='word_1_314' title='bbox 893 4313 1068 4396; x_wconf 88' lang='lat' dir='ltr'>intelleges,</span> <span class='ocrx_word' id='word_1_315' title='bbox 1092 4310 1119 4375; x_wconf 88' lang='lat' dir='ltr'>si</span> <span class='ocrx_word' id='word_1_316' title='bbox 1142 4330 1177 4375; x_wconf 90' lang='lat' dir='ltr'>ea</span> <span class='ocrx_word' id='word_1_317' title='bbox 1199 4314 1379 4394; x_wconf 84' lang='lat' dir='ltr'>respexeris,</span> 
     </span>
    </p>
   </div>
   <div class='ocr_carea' id='block_1_3' title="bbox 0 0 1565 4966">
    <p class='ocr_par' dir='ltr' id='par_1_4' title="bbox 0 0 1565 4966">
     <span class='ocr_line' id='line_1_37' title="bbox 0 0 1565 4966; baseline 0 0"><span class='ocrx_word' id='word_1_318' title='bbox 0 0 1565 4966; x_wconf 95' lang='lat' dir='ltr'> </span> 
     </span>
    </p>
   </div>
  </div>
 </body>
</html>
