3120 4966
675 347 887 413 ,43-

287 536 355 601 Iam
389 533 465 619 quid
500 535 630 600 novavit
661 535 695 599 in
728 539 795 600 arte
829 536 950 601 musica
979 536 1181 618 Terpander?
1218 533 1375 601 citharam
1431 543 1433 546 ’

186 665 286 711 unum
309 645 459 729 diapason
483 644 682 711 exhibentem
705 645 843 726 invenit,
868 665 931 729 qua
952 648 1082 713 inventa
1104 646 1223 726 effecit,
1247 650 1284 712 ut
1304 649 1375 712 nni·

188 759 298 839 cuique
311 757 457 840 deinceps
465 758 534 824 voci
546 758 595 822 vel
607 757 746 840 syllabae
759 758 791 823 in
804 757 962 825 recitando
975 757 1173 825 citharoedus
1186 763 1290 841 posset
1302 777 1376 825 suc·

188 870 292 935 einere
315 889 445 954 eamque
467 871 591 955 proprio
615 871 754 937 citharae
776 887 851 936 sono
874 870 1068 955 distinguere
1095 908 1135 920 -
1166 871 1247 937 unde
1270 871 1374 953 poesis

187 981 301 1046 melica
323 981 476 1067 originem
492 982 582 1048 duxit
597 1019 649 1066 -‚
672 1001 745 1047 cum
766 985 861 1048 antee
883 983 1023 1067 citharae
1045 984 1113 1048 soni
1136 982 1269 1048 carmIni
1293 983 1374 1048 reoi-

189 1093 286 1158 tando
303 1094 522 1159 tantummodo
537 1094 827 1181 praemitterentur,
842 1093 944 1177 iisque
958 1094 1139 1178 praemissis
1155 1094 1221 1162 sola
1233 1094 1375 1160 canentis

192 1223 250 1270 vox
273 1204 518 1271 declamaretc
487 1205 540 1288 (ci
565 1205 693 1270 Bodel
717 1224 743 1270 c
767 1204 799 1268 II
824 1206 895 1289 lp
921 1205 982 1271 178
1006 1207 1078 1273 adn
1105 1206 1145 1286 l)
1180 1207 1274 1289 etque
1297 1208 1376 1271 haec

51 1379 53 1382 .
185 1315 388 1397 praeclare
379 1335 442 1380 ram
475 1317 629 1399 perspexit
656 1315 764 1398 Ilgen,
798 1317 853 1399 qui
882 1336 912 1398 p
939 1316 1072 1382 LXXXI
1106 1318 1152 1382 sic
1184 1318 1374 1399 dIsputavit:

180 1422 279 1493 hunc
301 1429 459 1493 rudiorem
483 1429 514 1493 et
536 1427 632 1493 nimis
654 1427 831 1510 simplicem
854 1428 995 1494 heroicae
1018 1432 1090 1494 aeta
1090 1428 1132 1495 tis
1090 1429 1284 1495 tcantum
1300 1429 1377 1493 Ter·

183 1539 303 1621 pander
325 1539 558 1605 immutarite
560 1538 851 1606 tartificiosiorem
878 1538 1016 1606 reddidit
1002 1544 1111 1604 tnon
1132 1539 1270 1622 amplius
1292 1538 1371 1605 satis

184 1651 302 1717 habens
326 1650 459 1734 singulis
484 1652 631 1716 carminis
654 1651 788 1734 periodis
812 1650 857 1716 cit
843 1651 952 1715 tharae
975 1653 1063 1716 tactu
1086 1649 1280 1733 praecinere,
1320 1650 1374 1715 sed

185 1764 271 1828 vocis
294 1763 391 1828 flexus
414 1767 483 1828 tum
507 1763 696 1829 ascendendo
720 1766 788 1828 tum
812 1763 1026 1828 descendendo
1048 1763 1160 1828 fidium
1190 1763 1274 1828 sonis
1303 1782 1377 1846 per·
1486 1776 1488 1781 ’

185 1878 281 1960 petuo
304 1875 469 1941 comitans'
501 1877 554 1959 (cf.
578 1877 673 1940 etiam
696 1895 746 1958 pp.
771 1875 936 1941 LXXVIII
960 1876 991 1940 et
1013 1874 1207 1960 LXXXIII).
1242 1874 1375 1957 quodsi

185 1987 317 2071 Bergk
346 1987 441 2070 (Hist.
472 1986 535 2051 litt.
564 1985 673 2052 Graec.
697 1986 714 2049 I
738 1986 803 2050 432
826 1989 884 2069 sq.)
916 1987 1131 2052 demonstrare
1161 1985 1285 2051 studuit
1312 1988 1376 2050 iam

186 2097 321 2163 Homero
351 2099 461 2163 notum
484 2097 580 2163 fuisse
602 2117 674 2162 eum
698 2097 828 2163 canendi
851 2100 1001 2175 modum,
1036 2100 1089 2180 qui
1112 2097 1207 2182 vulgo
1234 2097 1273 2161 ad
1297 2097 1373 2160 Ter-

187 2210 336 2291 po'ndrum
372 2214 530 2274 auctorem
560 2210 711 2288 refertur,
748 2209 866 2293 optime
899 2209 981 2273 hanc
1014 2209 1191 2292 opinionem
1225 2207 1375 2273 refutarit

186 2318 383 2386 Snsemihl
402 2317 543 2403 (‘KleIne
555 2322 706 2404 Beitrago
724 2339 781 2385 nur
795 2321 1011 2403 ngechisohen
1024 2319 1376 2404 Literaturgeschichte.

185 2433 302 2497 Homer
323 2431 389 2496 und
412 2430 633 2514 Terpandros'.
656 2434 770 2497 Annal.
796 2434 905 2516 philol.
929 2431 1000 2499 CIX
1023 2433 1086 2498 649
1109 2433 1181 2514 so).

287 2543 400 2609 Nonne
416 2543 515 2627 igitur
529 2545 608 2610 hano
623 2546 724 2628 ipsam
739 2544 777 2609 ob
794 2563 860 2609 rem
876 2545 1038 2627 aptissime
1053 2544 1150 2609 statui
1165 2544 1288 2626 poterat
1299 2544 1376 2609 Ter·

186 2656 339 2738 pandrum
356 2657 472 2721 σκολιὰ
487 2660 568 2740 μέλη
591 2656 772 2723 invenisse?
794 2658 838 2735 at,
862 2656 946 2722 dicut
962 2655 1086 2738 aliquis,
1113 2672 1302 2738 quamquam
1318 2655 1377 2722 tibi

185 2769 318 2833 concedo
341 2766 515 2850 Terpandri
543 2767 672 2833 inventa
695 2768 793 2834 intsse
821 2768 889 2834 eius
913 2767 1009 2846 modi,
1033 2768 1070 2831 ut
1093 2770 1173 2850 μέλη
1202 2768 1242 2832 ab
1266 2786 1300 2833 eo
1324 2787 1376 2832 ex·

185 2879 322 2964 cogitata
344 2879 496 2944 nominari
519 2882 647 2961 possent
669 2880 801 2959 σκολιά,
830 2900 865 2946 eo
888 2878 956 2964 ipso
979 2897 1127 2962 apparere
1149 2879 1273 2945 videtur
1295 2883 1376 2964 μέλη

185 2991 241 3057 iila
263 2994 380 3056 σκολιά
403 3009 464 3055 non
487 2990 525 3055 ad
541 2989 640 3056 scolia
663 2991 684 3054 i.
702 3010 728 3057 e.
754 2993 893 3056 carmina
915 2989 1090 3056 convivalia
1113 3009 1177 3055 esse
1200 2990 1373 3074 referenda,

186 3105 238 3168 sod
261 3102 300 3167 ad
323 3105 424 3167 totam
445 3103 566 3186 poesim
587 3101 746 3167 melicum.
781 3103 809 3167 si
838 3104 945 3168 autem
971 3103 1039 3167 tota
1064 3101 1167 3185 poesis
1189 3104 1303 3167 melica
1330 3105 1378 3168 ita

188 3214 340 3298 appellari
370 3216 512 3296 poterat,
554 3214 728 3297 quomodo
759 3214 928 3298 explicabIs
951 3215 1017 3280 sola
1040 3214 1181 3280 carmine
1203 3214 1378 3280 convivalia

187 3325 282 3392 scolia
303 3326 464 3392 nominata
487 3329 576 3391 esso?
604 3326 687 3391 haud
712 3325 841 3390 difficile
864 3344 933 3391 meo
956 3327 1083 3408 quidem
1107 3326 1233 3392 iudicio.
1258 3327 1376 3392 etenim

190 3439 253 3503 iam
276 3437 473 3522 exposuimus
495 3437 666 3520 primordia
688 3437 790 3519 poesIs
813 3438 944 3503 melicae
967 3457 1034 3504 esse
1052 3441 1222 3523 repetenda
1238 3457 1257 3503 a
1272 3437 1376 3523 Lydis,

191 3566 267 3630 quos
290 3552 427 3614 carmina
450 3550 564 3614 melica
585 3550 618 3613 in
641 3548 741 3632 epuiis
772 3553 914 3615 cantasse
943 3549 1183 3634 Terpandroque
1209 3551 1376 3634 magIstros

193 3659 288 3726 inisse
310 3660 467 3726 Pindarus
490 3663 573 3741 loco,
609 3680 704 3744 quem
731 3680 826 3745 supra
848 3661 947 3726 fusius
974 3663 1194 3746 tractavimus,
1229 3663 1373 3728 tradidit

191 3773 296 3853 itaque
318 3781 380 3838 non
402 3791 420 3838 a
442 3773 528 3856 poesi
552 3789 656 3853 sacra,
691 3775 745 3838 sed
768 3791 786 3836 a
808 3775 894 3855 poesi
918 3773 1011 3840 hilari
1040 3793 1076 3840 ac
1099 3775 1242 3858 populari
1271 3774 1374 3857 poesis

187 3884 301 3948 melica
324 3882 477 3967 orIginem
500 3884 604 3963 duxit,
639 3882 666 3948 si
688 3881 825 3948 Pindaro
854 3882 948 3949 fidem
970 3886 1133 3951 habemus.
1168 3885 1249 3951 illud
1278 3886 1377 3968 igitur

188 3996 289 4075 poesis
310 3995 441 4060 melicae
463 4014 571 4078 genus,
596 3998 676 4078 quod
695 3996 871 4060 carminum
891 3997 1087 4078 popularium
1105 3995 1301 4062 simillimum
1318 4001 1376 4074 est,

187 4106 443 4190 anticuissimum
476 4108 655 4173 habendum
689 4111 745 4172 est.
784 4107 860 4173 haec
895 4109 1002 4173 autem
1038 4117 1110 4173 sunt
1144 4108 1284 4173 carmina
1318 4108 1376 4173 illa

187 4215 296 4284 brevia
326 4219 508 4285 convivalia.
542 4223 645 4283 cetera
672 4237 788 4303 genera
818 4218 948 4299 melica,
984 4237 1061 4301 quae
1089 4216 1277 4302 perantiqua
1310 4237 1377 4285 esse

184 4348 249 4408 ⁸non
286 4348 451 4413 possumus
486 4349 616 4415 negare,
656 4331 756 4396 veluti
794 4331 920 4413 hymni,
956 4329 1165 4412 dithyrambi,
1200 4331 1376 4414 hymenaei,
