3120 4966
680 283 894 346 -11-

300 475 383 538 άλλδι
397 474 569 556 θαυμάζω,
584 473 617 536 τί
630 495 670 556 με
684 471 833 549 λεξοῦντι
844 469 990 556 Ἰσθμοῦ

243 632 246 639 ,
300 587 458 649 δεσπόται
472 586 604 649 τοιάνδε
620 586 820 669 μελίφρονος
835 586 941 670 ἀρχὰν
956 586 1139 670 εὑρόμενον
1154 589 1290 650 σκολιοῦ

303 695 468 780 ξυνάορον
484 693 597 772 ξυναϊς
613 693 748 777 γυναιξί
768 745 775 760 .

194 832 327 916 quodsi
350 832 415 897 iam
439 834 571 911 constat,
600 833 686 898 baud
709 832 836 898 difficile
859 833 983 900 videtur
1006 834 1046 899 ad
1069 833 1284 900 eonioiendum
1300 835 1381 900 Pin-

196 946 309 1010 darum
332 944 365 1009 In
388 943 483 1010 soolio
514 946 651 1028 quodam
674 963 694 1010 a
715 963 748 1009 se
778 945 917 1012 confecto
940 946 1115 1030 Terpandri
1143 947 1179 1012 ut
1210 947 1380 1013 sooliorum

195 1058 369 1123 iuventoris
386 1057 578 1122 mentionem
595 1041 716 1122 troisse.
740 1061 847 1124 eodem
864 1059 949 1123 enIm
965 1058 1170 1123 modoetiam
1187 1060 1380 1143 dithyrambi

195 1169 349 1255 originem
365 1169 539 1236 celebravit
553 1171 587 1235 in
602 1170 843 1255 hyporohomate
858 1171 890 1237 et
906 1171 1106 1254 dithyrambo
1122 1171 1266 1253 quodam,
1290 1172 1380 1238 ouius

192 1283 238 1348 roi
268 1282 450 1348 memoriam
472 1282 513 1347 ad
535 1301 592 1348 nos
614 1282 799 1366 propagavit
820 1283 916 1349 schol.
947 1283 1041 1348 Pind.
1064 1281 1191 1368 Olymp.
1213 1283 1294 1348 XIII
1317 1285 1378 1350 25:

192 1394 210 1458 ὁ
223 1397 393 1475 Πίνδαρος
408 1397 444 1458 δὲ
457 1395 493 1459 ἐν
508 1397 569 1478 μὲν
584 1405 653 1471 τοῖς
662 1391 904 1480 Ὑπορχήμασιν
916 1395 952 1459 ἐν
963 1393 1063 1484 Νάξῳ
1080 1398 1184 1479 φησίν
1198 1397 1382 1481 εὑρεθῆναι

191 1516 324 1592 πρῶτον
340 1508 562 1592 διθύραμβον,
579 1508 616 1571 ἐν
632 1507 668 1571 δὲ
683 1513 726 1594 τῷ
741 1511 860 1596 πρῶτφ
872 1518 939 1572 τῶν
951 1511 1185 1593 Διθυράμβων
1197 1509 1234 1572 ἐν
1248 1511 1382 1592 Θήβαις.

295 1618 408 1700 ltaque
442 1619 551 1696 restat,
586 1623 623 1683 ut
656 1620 863 1701 inquiramus,
899 1635 975 1683 num
1010 1622 1135 1684 exstent
1168 1621 1260 1685 huius
1290 1622 1379 1686 soolii

194 1730 331 1813 vestigia
359 1730 393 1794 in
422 1731 553 1795 Pindari
581 1731 731 1814 reliquiis.
766 1735 860 1815 atque
894 1732 1006 1796 unious
1035 1731 1162 1814 quidem
1190 1735 1290 1815 loeus,
1320 1752 1382 1816 quo

192 1841 346 1906 Pindarus
371 1843 542 1924 Terpandri
566 1843 759 1908 mentionem
781 1844 864 1920 feeit,
894 1844 1030 1909 traditur
1059 1847 1098 1910 ab
1123 1845 1283 1910 Athenaeo
1303 1845 1381 1909 XIV

192 1953 256 2018 635
279 1955 324 2018 D:
349 1956 463 2037 άγνοεῑ
483 1955 519 2019 δὲ
540 1957 558 2018 ὁ
582 1957 816 2036 Ποσειδώνιος,
848 1958 898 2020 ότι
920 1958 1059 2041 ἀρχαῖόν
1080 1957 1169 2021 ἐστιν
1190 1959 1337 2041 ὄργανον
1360 1958 1382 2040 ἡ

193 2066 343 2147 μάγαδις,
360 2075 476 2150 σαφῶς
489 2068 662 2152 Πινδάρου
678 2071 832 2149 λέγοντος
846 2069 905 2132 τὸν
921 2069 1136 2151 Τέρπανδρον
1152 2069 1384 2152 ἀντίφθογγον

193 2178 304 2262 εὑρεῖν
318 2183 358 2262 τῇ
374 2181 464 2263 παρδι
479 2180 605 2255 Λυδοῖς
619 2181 752 2262 πηκτίδι
767 2181 825 2244 τὸν
839 2183 1014 2265 βάρβιτον·

301 2319 360 2379 τόν
376 2315 418 2398 ῥα
438 2317 649 2400 Τέρπανδρός
663 2314 732 2380 ποτ’
752 2319 770 2380 ὁ
786 2321 928 2400 Λέσβιος
943 2319 1041 2403 εὗρεν
1120 2331 1122 2337 ’

300 2435 430 2510 πρῶτος
445 2427 482 2490 ἐν
497 2428 661 2490 δείπνοισι
676 2429 801 2492 Λυδῶν

301 2539 433 2620 ψαλμὸν
449 2540 679 2622 ἀντίφθογγον
694 2541 824 2622 ὑψηλάς
839 2541 973 2604 άκοάῶν
988 2542 1153 2622 πηκτίδος.

197 2693 275 2756 quos
300 2694 407 2740 versus
429 2694 539 2740 revera
561 2696 577 2740 e
600 2677 695 2740 soolio
720 2677 919 2759 depromptos
944 2696 1010 2742 esso
1029 2679 1165 2741 testatur
1180 2677 1264 2742 idem
1280 2677 1380 2743 'Athe-

195 2805 293 2851 naeus
317 2787 395 2852 XIV
417 2787 480 2854 635
503 2789 547 2853 B:
578 2789 769 2872 deterrendi
793 2790 965 2874 Πίνδαρον
988 2791 1155 2874 εἰρηκέναι
1176 2788 1212 2853 ἐν
1234 2795 1278 2878 τῷ
1300 2791 1384 2872 πρὸς

191 2893 328 2982 Ἱέρωνα
344 2902 463 2986 σκολιῷ
477 2899 537 2981 την
549 2900 694 2983 μάγαδιν
706 2901 919 2983 ὀνομάσαντα
930 2903 1061 2986 ψαλμὸν
1074 2903 1304 2985 ἀντίφθογγον
1316 2903 1381 2967 κτὲ.

302 3028 458 3092 Pindarus
488 3028 586 3112 igitur
614 3029 674 3094 hoe
702 3032 769 3094 loeo
799 3030 876 3094 dicit
899 3031 1115 3112 Terpandrum
1144 3030 1303 3096 barbitum
1334 3033 1381 3095 in-

196 3139 328 3219 uenisse,
353 3158 425 3205 oum
449 3140 620 3205 audivisset
642 3142 676 3206 in
692 3142 794 3223 epulis
809 3142 966 3226 Lydorum
984 3143 1198 3224 pulsationem
1215 3161 1381 3208 consonam

195 3252 276 3315 altae
305 3238 449 3335 peotidis.
480 3272 541 3336 qua
571 3255 678 3319 autem
710 3255 831 3319 ratione
854 3237 1018 3319 barbitum
1042 3253 1198 3319 invenerit
1220 3273 1284 3318 non
1307 3255 1382 3319 edo-

195 3381 317 3428 oomur:
346 3367 398 3429 sed
427 3364 509 3430 haud
539 3365 678 3431 diffioilis
707 3385 744 3430 ea
771 3386 820 3431 res
850 3370 898 3430 est
920 3365 959 3430 a'd
982 3366 1238 3450 intellegendum.
1282 3366 1382 3448 pectis

196 3472 279 3537 onim
309 3476 417 3540 eodem
444 3480 535 3542 modo
564 3495 625 3559 quo
656 3478 798 3562 magadIs
822 3496 961 3542 -nam
992 3480 1085 3561 negat
1109 3479 1289 3563 Athenaeus
1324 3478 1383 3543 hoo

194 3585 263 3651 looo
278 3585 362 3652 inter
378 3588 438 3653 duo
454 3590 510 3678 illa
525 3589 736 3655 instrumenta
753 3591 851 3654 ullam
866 3590 1057 3655 intercedere
1073 3589 1284 3654 differentiam
1296 3590 1324 3672 ⁵)
1341 3626 1382 3636 -

199 3699 319 3767 duobus
349 3701 507 3782 diapason,
542 3703 573 3765 et
595 3702 738 3786 graviore
761 3707 792 3766 et
815 3702 963 3781 acutiore,
995 3702 1174 3767 oonstItisse
1202 3703 1301 3766 fertur
1325 3701 1383 3783 ita,

195 3870 401 3880 ———.

299 3998 320 4067 ⁵)
340 3998 374 4052 cf.
393 3999 493 4053 Athen.
512 3998 577 4052 XIV
602 4001 652 4050 635
672 3998 707 4051 B:
733 3998 894 4066 Μέναιγμος
910 3993 934 4050 δ’
960 3995 989 4050 ἐν
1013 4002 1072 4057 τοῖς
1095 3997 1158 4066 περὶ
1181 4001 1310 4065 τεχνιτῶν
1333 3996 1384 4064 τὴν

193 4092 319 4160 πηκτίδα,
337 4090 372 4162 ἣν
388 4091 439 4160 τὴν
457 4091 543 4161 αὐτὴν
561 4084 632 4144 εἶναι
649 4091 683 4162 τῇ
700 4092 810 4160 μαγάδι,
828 4093 943 4161 Σαπφώ
963 4111 1048 4161 φησιν
1066 4091 1162 4161 εὑρεῖν.
1180 4092 1216 4145 id.
1235 4108 1260 4160 p.
1280 4095 1330 4144 635
1348 4092 1385 4150 Ει

193 4187 291 4255 πηκτὶς
314 4186 344 4239 δὲ
367 4187 413 4239 καὶ
435 4187 552 4256 μάγαδις
577 4185 686 4254 ταύτὸν,
712 4187 790 4240 καθά
817 4206 903 4258 φησιν
925 4185 940 4241 δ
961 4184 1142 4258 Ἀριστόξενος
1163 4185 1210 4239 καὶ
1224 4185 1385 4256 Μένανγμος

193 4279 208 4334 ὁ
227 4282 386 4341 Σικυώνιος
403 4279 433 4334 ἐν
449 4286 509 4342 τοῖς
525 4281 588 4351 περὶ
605 4287 742 4350 τεχνιτῶν.
