3120 4966
672 337 887 402 ..33-

183 518 360 592 reiectanea
388 528 435 591 cst
464 527 558 609 atquc
587 524 807 608 interpretatio
839 540 957 603 eorum,
987 523 1041 607 qui
1069 543 1087 589 a
1117 523 1269 590 facilitate
1298 524 1380 590 talia

183 639 340 727 pangendi
370 637 507 703 earmina
539 636 608 702 κατ’
639 640 839 721 ἀντίφρασιν
867 636 917 702 vol
946 636 982 701 ἐκ
1009 647 1070 702 τοῦ
1099 636 1253 702 ἐναντίου
1282 636 1378 702 scelia

185 751 273 818 dicta
307 767 374 816 esso
402 747 646 814 arbitrabantur.
682 766 756 813 nam
790 749 823 812 hi
857 751 931 812 sunt
965 747 1066 831 aperti
1100 747 1377 830 grammaticorum

188 864 287 947 lusus,
322 860 509 944 (reineccii,
544 859 625 925 undo
654 861 832 927 derivarent
861 876 985 936 nemen,
1019 859 1151 924 ridicule
1181 876 1255 924 sanc
1285 858 1380 924 mode

186 994 254 1040 rem
275 973 422 1057 ignotam
452 971 603 1055 explicaro
626 972 804 1038 studebant.
855 971 957 1037 tenim
980 990 1039 1053 que
1063 971 1129 1036 iure
1151 972 1276 1053 peterat
1295 970 1373 1035 Plu·

188 1084 318 1150 tarchus
353 1081 448 1148 seclia
480 1082 619 1149 difficilia
656 1101 723 1149 csso
758 1085 950 1162 contendere,
986 1099 1063 1173 qpao
1097 1081 1247 1148 facillima
1280 1081 1380 1147 fuisse

187 1200 335 1263 constat?
367 1198 473 1261 contra
502 1196 529 1261 si
556 1192 662 1261 facilia
690 1199 778 1260 erant
801 1195 949 1273 carmina,
978 1213 1055 1259 num
1083 1196 1119 1259 tu
1146 1198 1240 1276 putas
1269 1211 1379 1260 revera

187 1307 323 1375 Graecos
346 1308 482 1372 σκολιόν
504 1306 710 1389 appellavisse
731 1307 769 1371 τὸ
792 1306 836 1390 μὴ
860 1309 1005 1387 σκολιόν,
1035 1310 1071 1370 ut
1094 1301 1226 1371 ‘lucum'
1258 1324 1276 1370 a
1300 1300 1378 1369 ‘nen

188 1415 362 1486 lucende'?

289 1581 454 1647 Plutarchi
478 1582 509 1646 ct
533 1579 647 1646 Saldae
676 1581 866 1646 sententiam
896 1581 1073 1646 consedere
1101 1580 1208 1645 studet
1235 1580 1379 1660 Produc,

188 1695 242 1779 qui
264 1693 332 1776 ipsc
355 1695 494 1759 carmina
516 1691 625 1758 facilia
647 1691 743 1758 fuisse
767 1693 919 1772 concedit,
943 1693 997 1757 sed
1020 1692 1160 1758 convivis
1184 1691 1257 1756 vine
1276 1693 1379 1774 captis

187 1805 330 1872 difficilia
354 1805 422 1871 visa
445 1822 511 1870 esse
541 1805 681 1870 carmina
709 1803 946 1888 simplicissima
974 1808 1076 1886 putat.
1111 1822 1191 1888 quac
1221 1801 1381 1868 sententia

186 1917 338 1983 Keestere
362 1919 454 1984 valde
477 1918 619 1983 arrisisse
642 1917 774 1996 videtur,
798 1920 911 2001 quippe
927 1936 1023 2001 quam
1039 1936 1055 1982 o
1071 1918 1221 2000 scriptore
1237 1915 1380 1981 melioris

187 2031 288 2107 notae,
311 2030 455 2114 Didyme,
486 2029 684 2114 desumptam
708 2047 774 2094 esse
803 2030 941 2094 censeret
962 2048 992 2111 p.
1017 2027 1046 2112 8,
1077 2029 1246 2094 dummodo
1273 2029 1380 2093 minue

187 2144 331 2208 accurate
359 2144 454 2208 verba
482 2160 549 2207 csse
577 2141 731 2222 descripta
765 2142 986 2206 statueremus.
1022 2157 1212 2224 quamquam
1242 2139 1382 2223 genuina

186 2253 283 2320 verba
297 2252 462 2318 restituere
484 2288 527 2301 -·
545 2252 577 2317 id
594 2253 675 2334 quod
690 2252 877 2333 premiserat
900 2289 941 2301 -
965 2251 1097 2317 Keester
1112 2250 1282 2334 omisit²³)‚
1306 2269 1383 2316 cum

192 2367 220 2430 ei
242 2365 444 2448 praematura
464 2352 565 2431 morte
589 2363 719 2446 ebrcpto
742 2365 987 2449 disputationem
1011 2364 1049 2428 de
1071 2363 1175 2428 scoliis
1198 2363 1380 2428 incohatam

188 2476 229 2542 ad
251 2475 345 2542 linem
367 2476 535 2559 perducere
556 2494 620 2540 non
642 2476 763 2542 liceret.
797 2477 877 2542 mihi
900 2478 1006 2541 autem
1030 2474 1126 2542 verba
1149 2475 1253 2540 Procli
1277 2475 1380 2540 sanis·

189 2587 270 2652 sima
299 2606 366 2653 essa
395 2587 541 2653 videntur
570 2589 687 2671 pancio,
717 2606 796 2670 quac
824 2606 887 2652 nen
914 2591 953 2654 ad
981 2607 1049 2654 rem
1079 2590 1180 2669 ipsam
1210 2589 1384 2669 pertinent*

191 2700 335 2783 exceptis,
365 2718 464 2782 neque
494 2700 640 2781 offender,
675 2703 711 2765 nt
740 2701 884 2782 Keester,
912 2699 1034 2766 verbis:
1070 2699 1205 2765 σκολιὸν
1237 2699 1382 2766 ἐκάλουν

190 2812 227 2876 τὸ
251 2812 491 2894 ἁπλούστατον,
507 2829 586 2893 qnae
600 2811 694 2895 plana
709 2811 895 2896 respondent
910 2810 1182 2877 antecedentibus:
1205 2811 1383 2896 ἀνειμένον

190 2924 228 2988 δέ
250 2923 319 2988 ἐστι
341 2927 380 3008 τῇ
401 2927 588 3009 κατασκευῇ
610 2925 666 2987 καὶ
689 2924 919 2988 ἁπλούστατον
934 2915 1085 3006 μάλιστα.
1108 2924 1213 3005 itaquo
1230 2924 1303 3006 quid
1320 2923 1383 2989 sibi

192 3036 327 3104 voluerit
341 3034 482 3115 Procles,
499 3033 686 3137 facillimum
702 3039 747 3100 est
764 3036 934 3115 intellectu,
958 3054 1029 3100 cum
1045 3034 1110 3101 fere
1126 3035 1209 3100 idem
1225 3036 1275 3113 sit,
1298 3035 1383 3118 qued

193 3148 306 3214 statuit
337 3146 421 3213 Orio.
454 3149 507 3212 sed
541 3166 603 3213 nen
635 3166 801 3230 pessumus
835 3148 1029 3230 acquiescere
1058 3147 1089 3211 in
1120 3147 1186 3212 hae·
1206 3147 1385 3212 sententia.

194 3279 267 3326 nam
296 3258 435 3343 primum
464 3259 559 3325 nimis
589 3261 730 3342 quaesita
759 3263 806 3324 est
829 3259 904 3324 talis
933 3258 1171 3344 significationis
1199 3258 1383 3344 paecepit,

192 3371 317 3456 qualem
346 3369 462 3436 statuit
489 3368 628 3450 Procius,
659 3371 770 3436 deinde
799 3372 849 3436 sat
878 3358 1049 3437 absurdum
1079 3371 1160 3435 esset
1189 3372 1386 3436 contendero

193 3486 327 3553 Graecos
351 3486 477 3565 prepter
492 3482 695 3548 vinolentiam
711 3485 804 3565 atque
820 3483 1003 3548 ebrietatem
1019 3480 1254 3547 convivantium
1276 3482 1387 3548 scoliis

192 3612 307 3660 nemen
329 3593 525 3674 imposuisse.

299 3746 383 3828 Quae
405 3751 504 3814 restat
526 3749 685 3815 linetathii
707 3747 871 3829 sententie,
895 3749 949 3832 qui
971 3749 1068 3814 scelic
1090 3767 1109 3813 a
1132 3751 1223 3815 mede
1246 3751 1386 3832 quedam

193 3855 314 3928 musice
331 3877 444 3925 nomen
461 3860 574 3926 habere
590 3860 713 3938 statuit,
731 3877 799 3924 eam
815 3859 888 3924 ferri
904 3877 993 3942 posse
1008 3880 1067 3925 nen
1083 3880 1205 3945 negem,
1222 3879 1290 3927 eum
1305 3863 1381 3943 apte

299 4151 329 4218 ’θλ
347 4150 459 4205 Keester
483 4150 590 4219 quidem
615 4165 640 4219 p.
667 4155 699 4204 13
723 4150 812 4204 Procli
840 4152 1002 4206 sententiam
1029 4156 1100 4206 recte
1128 4168 1155 4206 se
1181 4150 1280 4206 hebere
1306 4151 1389 4218 dicit,

193 4244 337 4300 dummodo
356 4244 517 4314 σκολιότητα
537 4260 592 4298 nen
610 4244 644 4298 ad
663 4245 817 4299 canentium
835 4246 947 4313 animes,
966 4246 1011 4300 sod
1029 4245 1170 4316 adipsum
1188 4246 1275 4316 poesis
1299 4262 1390 4317 genus

194 4339 343 4395 rettuleris.
363 4339 409 4394 scd
426 4340 483 4394 talo
501 4339 566 4402 euid
583 4336 629 4393 uix
647 4340 819 4395 coniectando
831 4355 846 4395 e
858 4341 997 4409 scriptoris
1016 4339 1103 4395 verbis
1121 4340 1181 4395 clici
1198 4344 1297 4411 potest.
