3120 4966
697 324 910 388 „34-

210 517 301 593 esset,
336 514 372 578 ut
406 516 517 578 cantus
551 513 742 578 continuatio
777 514 867 577 modo
900 512 963 577 buc
995 514 1085 578 modo
1114 511 1192 576 illuc
1220 509 1399 575 traheretur

209 646 263 710 pro
290 626 419 693 arbitrio
449 624 632 691 canentium
660 629 692 690 et
722 626 806 690 viam
836 623 953 689 faceret
981 623 1118 705 quodam
1148 625 1238 689 modo
1260 625 1399 687 σκολιάο

210 739 262 823 (cf.
286 760 315 822 p.
339 735 662 819 CLX-CLXXVII).

311 852 380 934 Age
394 850 460 914 iam
480 846 687 930 inquiramus,
711 866 789 913 num
802 846 920 930 ssgenii
935 847 1121 930 argumenta
1136 865 1174 913 ea
1188 864 1254 912 esse
1268 846 1398 912 videan-

209 968 271 1043 tur,
298 961 411 1044 quibus
435 959 640 1040 adducamur,
671 961 707 1023 ut
729 958 919 1024 Dicaearcho
948 958 1187 1040 adstipulamur.
1232 960 1271 1023 ac
1297 958 1398 1041 primo

208 1075 336 1159 quidem
357 1073 470 1138 obtutu
495 1071 588 1136 facile
611 1070 725 1154 aliquis
752 1072 897 1154 opinetur
926 1069 1035 1136 eodem
1063 1069 1173 1152 utique
1204 1071 1305 1141 modo,
1337 1088 1397 1153 quo

209 1184 401 1252 carminibus
425 1183 558 1268 cyclicis,
589 1183 686 1249 etiam
709 1182 813 1248 scoliis
836 1201 949 1249 nomen
971 1182 1110 1248 inditum
1133 1200 1208 1260 esse,
1232 1183 1398 1265 inprimis

209 1316 282 1363 cum
318 1298 486 1378 utrumque
525 1315 639 1361 nomeu
679 1295 901 1378 perantiquum
938 1295 1006 1360 csse
1044 1314 1105 1360 non
1143 1296 1242 1376 possit
1278 1297 1395 1380 negari.

208 1408 492 1500 commemorantur
525 1409 610 1473 enim
644 1408 708 1472 iam
742 1409 823 1490 apud
858 1406 1099 1489 Aristophanem
1138 1410 1268 1473 κύκλιοι
1304 1413 1401 1493 χοροί

208 1520 243 1585 in
257 1520 341 1586 Nub.
364 1542 393 1587 v.
411 1521 491 1585 333:
515 1523 661 1584 κυκλίων
676 1542 709 1584 τε
726 1512 836 1604 χορῶν
851 1515 1139 1607 ᾀσματοκάμπτας,
1162 1519 1240 1584 Rau.
1265 1539 1294 1585 v.
1318 1518 1397 1585 366:

208 1634 371 1697 κυκλίοισι
386 1643 536 1717 χοροῖσιν
551 1630 702 1719 ὑπᾴδων,
725 1632 819 1714 atque
841 1631 949 1696 eodem
972 1631 1063 1695 modo
1085 1634 1204 1696 κύκλια
1232 1634 1312 1715 μέλη
1336 1633 1395 1696 Au.

208 1763 237 1809 v.
261 1743 323 1808 917
347 1728 410 1825 sip:
434 1746 514 1826 μέλη
536 1744 687 1827 πεποίηκ’
704 1745 752 1820 εἰς
766 1745 825 1820 τὰς
839 1747 1153 1828 Νεφελοκοκκυγίας
1167 1746 1225 1820 τὰς
1239 1745 1398 1827 ὑμετέρας

207 1859 327 1921 κύκλιά
348 1879 382 1921 ιε
403 1858 509 1921 πολλὰ
531 1858 587 1920 καὶ
602 1853 694 1921 καλά.
730 1856 784 1922 alii
800 1856 860 1922 loci
883 1857 1007 1922 exstant
1023 1856 1104 1939 apud
1119 1854 1312 1938 Euripidem,
1334 1855 1398 1918 Xe·

207 1968 407 2051 nophontem,
443 1966 633 2033 Aeschinem
662 1967 749 2052 alios,
785 1968 898 2051 quibus
928 1968 1005 2033 locis
1034 1968 1127 2033 facile
1156 1967 1312 2033 evincitur
1340 1969 1399 2034 boc

207 2098 319 2144 nomen
346 2097 408 2144 non
435 2098 455 2145 a
482 2079 697 2162 grammaticis
726 2080 777 2144 vel
805 2079 945 2143 metricis
972 2079 1100 2144 demum
1128 2080 1292 2144 inventum
1320 2098 1397 2160 esse,

207 2190 263 2255 sed
285 2210 318 2255 re
340 2209 416 2256 vera
437 2191 502 2255 iam
525 2190 700 2273 antiquitus
724 2189 820 2255 fuisse
836 2191 868 2255 iu
884 2209 953 2255 usu.
977 2193 1011 2255 at
1026 2190 1180 2274 analogia,
1205 2210 1299 2275 quam
1314 2193 1398 2257 inter

209 2303 385 2367 carminum
400 2303 588 2386 cyclicorum
607 2295 825 2367 et'scoliorum
844 2302 1088 2386 appellationem
1110 2303 1301 2369 intercedere
1320 2304 1397 2370 dicit

210 2414 310 2495 higen,
342 2434 403 2479 non
433 2415 572 2479 multum
600 2414 696 2494 ualet,
725 2414 833 2494 immo,
857 2415 891 2497 ,si
918 2434 986 2480 rem
1016 2415 1159 2480 accurate
1188 2415 1395 2499 perpenderis,

210 2527 356 2590 continuo
378 2529 551 2590 evanescet.
576 2543 650 2591 nam
672 2525 813 2609 primum
835 2543 898 2590 non
920 2525 1006 2591 omni
1029 2525 1124 2592 dubio
1147 2526 1250 2592 maius
1265 2529 1312 2592 est
1327 2547 1396 2594 car·

210 2635 297 2702 mina
319 2636 434 2721 cyclica
456 2656 571 2702 nomen
592 2637 737 2703 habuisse
752 2655 771 2701 a
786 2638 879 2705 choro
902 2637 1003 2704 forma
1020 2639 1196 2705 orbiculata
1211 2639 1294 2705 circa
1310 2658 1398 2706 aram

175 2740 192 2775 ²
209 2747 259 2814 dei
281 2748 440 2833 collocato,
464 2767 527 2832 qua
542 2750 579 2814 de
594 2769 627 2814 re
643 2749 820 2815 conferatur
835 2751 1006 2834 Hartungii
1030 2752 1202 2835 disputatio
1225 2752 1263 2816 de
1287 2751 1396 2836 dithy-

209 2860 316 2924 rambo
338 2860 370 2925 in
387 2860 545 2946 Philologi
568 2862 631 2927 v.I
653 2863 717 2928 397
740 2881 817 2946 sqq,
840 2863 894 2946 qui
917 2863 1057 2928 carmina
1079 2863 1197 2947 cyclica
1219 2867 1250 2928 et
1268 2863 1398 2930 chorum

208 2971 363 3052 cyclicum
390 2973 462 3038 inde
484 2993 550 3040 esse
571 2974 732 3057 appellata
753 2975 930 3057 praefracte
954 2975 1050 3059 negat
1073 2977 1105 3040 et
1128 2994 1241 3041 nomen
1265 2976 1304 3042 ad
1327 2995 1397 3042 car·

210 3087 332 3151 minum
364 3086 503 3168 ipsorum
537 3085 798 3168 compositionem
831 3085 985 3169 referti'l).
1020 3087 1074 3152 sed
1108 3088 1181 3153 licet
1211 3088 1399 3154 concedatur

210 3197 320 3262 tritam
348 3215 384 3262 ac
412 3198 577 3280 vulgarem
611 3198 788 3263 carminum
823 3198 1010 3282 cyclicorum
1039 3200 1276 3282 explicationem
1308 3219 1399 3284 posse

210 3307 406 3388 dedendine
429 3309 623 3392 sicquidem
649 3311 813 3393 quicquam
846 3310 1005 3377 lucrabere
1028 3314 1066 3376 ad
1090 3311 1256 3377 scoliorum
1284 3331 1398 3378 nomen

209 3437 264 3500 per
286 3420 464 3502 analogiam
487 3420 717 3503 explicandum.
741 3422 768 3486 si
792 3422 877 3486 enim
900 3422 987 3487 chori
1009 3423 1191 3488 saltationes
1212 3442 1268 3507 per
1290 3424 1398 3490 orbem

208 3529 335 3613 fiebant,
359 3534 441 3597 carte
456 3532 552 3598 etiam
566 3534 704 3599 metrum
718 3534 750 3598 et
765 3533 931 3618 rhythmus
952 3535 1180 3617 respondebant
1201 3535 1275 3600 huic
1296 3535 1399 3601 motui

208 3643 386 3722 orbiculari,
402 3662 502 3726 neque
515 3644 678 3727 quaelibet
693 3645 839 3710 carminis
856 3645 1041 3730 compositio
1057 3647 1097 3711 ad
1120 3646 1301 3713 saltandum
1324 3650 1400 3733 apta

208 3758 286 3835 erat,
314 3759 368 3821 sed
391 3775 428 3822 ea
449 3758 678 3837 tantummodo,
709 3776 787 3840 quae
815 3758 1022 3824 conveniebat
1045 3759 1190 3824 decursui
1212 3761 1341 3826 incitato
1365 3763 1398 3824 et

209 3867 415 3951 aequabiliter
437 3869 532 3952 atque
554 3887 616 3936 uno
638 3872 746 3936 tenore
768 3871 894 3953 peracto
917 3871 1095 3937 saltationis
1117 3871 1261 3956 cyclicae,
1292 3872 1324 3937 id
1347 3876 1397 3937 est

210 3979 413 4063 dithyrambi.
442 3980 549 4063 itaque
580 3981 781 4048 saltationem
806 3983 857 4048 vel
879 3984 980 4049 artem
1003 3984 1210 4050 orchestieam
1232 3985 1300 4048 arte
1323 4003 1396 4049 cum

317 4240 349 4303 ²²)
368 4236 518 4305 Hartungii
536 4235 569 4290 de
587 4235 706 4290 carmine
724 4237 823 4306 cyclico
842 4239 1003 4292 sententiam
1023 4239 1080 4291 iure
1099 4237 1235 4307 amplexus
1253 4238 1294 4290 est
1311 4236 1395 4290 Bern-

205 4329 297 4400 ,bully
313 4330 345 4386 11
363 4331 392 4384 1³
408 4348 434 4401 p.
455 4336 513 4385 sto.
