3120 4966
689 343 901 407 ..49-

196 528 399 612 potissimum
423 529 515 593 rebus
537 529 596 593 ille
623 529 797 595 similitudo
825 532 1019 613 agnoscatur.
1050 531 1169 597 etenim
1196 533 1322 616 psalmi,
1353 538 1389 599 ut

200 639 325 705 nomine
347 640 415 723 ipso
439 640 649 718 confirmatur,
679 643 719 707 ad
740 643 883 724 psalterii
910 643 960 708 rel
983 643 1121 710 citharae
1145 662 1262 709 sonum
1279 651 1387 712 centa·

198 753 311 818 bantur
340 754 446 817 eodem
476 757 565 818 modo
595 770 655 836 quo
684 754 796 834 soolia,
819 759 866 832 et,
904 772 975 818 oum
1007 755 1173 838 utrumque
1209 759 1388 824 carminum

197 883 297 948 genus
313 882 389 929 cena
403 863 470 929 iam
486 865 526 929 ad
541 864 635 928 finem
650 863 803 947 perducto
818 867 1006 939 cantaretur,
1030 885 1129 948 neque
1151 867 1224 932 inde
1247 870 1386 936 multum

195 977 391 1043 differebant.
426 994 617 1060 quamquem
645 976 755 1059 negari
783 995 845 1042 non
878 980 984 1060 potest
1012 978 1092 1043 hanc
1121 982 1386 1062 comparationem

198 1107 260 1154 non
288 1088 374 1154 omni
403 1106 440 1152 ex
469 1089 557 1171 perte
588 1090 672 1154 recte
695 1106 726 1152 se
755 1087 889 1164 habere;
924 1109 997 1154 nam
1026 1090 1124 1156 scolia
1154 1109 1229 1157 cena
1257 1095 1385 1175 quidem

194 1200 297 1279 linita,
321 1203 374 1266 sed
397 1201 480 1265 inter
500 1201 612 1284 pocula
632 1200 654 1264 1.
678 1221 704 1266 e.
727 1220 782 1283 per·
804 1202 997 1284 symposium
1020 1201 1228 1271 canebantur:
1253 1205 1386 1287 psalmis

84 1397 85 1401 Ἰ
196 1316 266 1376 tum
289 1312 416 1377 demum
438 1313 524 1378 locus
547 1313 624 1392 erat,
650 1330 722 1377 curu
745 1314 849 1377 totum
873 1313 1054 1378 convivium
1075 1317 1144 1380 crat
1165 1314 1301 1397 linitum,
1329 1337 1385 1383 ne·

195 1442 254 1506 que
279 1423 325 1488 fas
349 1426 415 1488 eret
438 1423 521 1488 inter
549 1425 598 1490 vel
626 1429 695 1506 post
724 1426 917 1506 psalmorum
945 1425 1162 1492 recitationem
1191 1429 1385 1512 symposium

194 1535 389 1601 continuare.
422 1536 534 1602 deinde
563 1537 702 1601 affirmat
725 1534 866 1603 Clemens
889 1538 987 1603 seclia
1009 1556 1081 1602 cum
1104 1540 1284 1623 asinguliS,
1315 1544 1385 1607 tum

193 1651 234 1714 eh
256 1649 400 1713 omnihus
423 1648 520 1712 simul
542 1652 667 1713 cantata
690 1666 766 1726 esse,
797 1650 829 1714 id
853 1653 934 1731 quod
958 1652 1087 1715 adversa
1110 1649 1213 1715 fronte
1242 1669 1383 1735 pugnare

194 1759 318 1826 ridetur
341 1780 413 1824 curn
436 1761 486 1840 iis,
516 1779 594 1842 quae
622 1760 659 1825 de
681 1760 740 1826 hac
763 1780 796 1825 re
818 1761 1017 1826 tradiderunt
1041 1761 1261 1848 Dicaearchus,
1286 1765 1383 1830 Athe·

194 1890 299 1952 naeus,
331 1873 531 1951 Plutarchus,
566 1873 630 1949 alii,
665 1868 719 1955 qui
749 1875 788 1938 ab
816 1891 877 1937 uno
912 1877 1038 1939 tantum
1072 1875 1212 1952 conviva,
1248 1875 1286 1939 ut
1315 1880 1383 1941 erat

192 1985 294 2066 poesis
309 1985 457 2051 Aeolicee
479 1985 648 2067 proprium,
673 1984 769 2049 scolia
791 1986 918 2050 cantatu
941 2004 1006 2050 csse
1030 1987 1168 2050 tradunt.
1192 1985 1247 2051 sed
1269 1989 1306 2052 de
1322 1987 1382 2055 hac

156 2179 160 2185 .
196 2116 229 2161 re
248 2098 355 2180 postea
377 2097 552 2163 accuratius
577 2114 715 2179 agemus.

296 2211 381 2275 Haec
412 2213 496 2288 sunt,
527 2227 607 2292 quae
631 2212 752 2274 veteres
775 2211 812 2272 de
835 2208 1001 2273 scoliorum
1024 2208 1055 2272 vi
1080 2226 1116 2277 ao
1139 2199 1253 2274 natura
1283 2211 1382 2277 tradi-

197 2322 316 2389 derunt.
338 2341 439 2405 pauca
455 2340 529 2386 sane
546 2340 582 2386 ac
599 2340 676 2404 quae
692 2339 753 2386 non
770 2320 941 2399 sufficiant,
965 2321 1002 2386 ut
1025 2320 1150 2402 penitus
1173 2324 1381 2406 cognoscatur

195 2435 293 2515 poesis
314 2434 401 2499 illius
424 2453 532 2517 genus.
557 2453 656 2516 neque
680 2452 751 2499 vero
776 2433 877 2516 magis
900 2432 1039 2499 dilucida
1062 2437 1135 2497 sunt
1151 2453 1197 2512 ea,
1222 2452 1302 2514 quae
1319 2435 1380 2500 viri

191 2545 274 2610 docti
296 2552 421 2611 nostrae
444 2547 557 2610 aetatis
580 2547 618 2610 de
643 2565 680 2611 ea
702 2565 734 2610 rc
756 2545 964 2628 protulerunt.
997 2545 1051 2627 qui
1080 2546 1164 2610 enim
1193 2546 1285 2611 aliter
1309 2547 1379 2613 fieri
1481 2617 1484 2625 ,

189 2659 301 2743 potuit,
331 2663 367 2723 ut
390 2659 482 2742 llgen
509 2658 737 2741 quinquaginta
765 2658 862 2722 scolia
888 2658 977 2722 nobis
1002 2660 1128 2723 servata
1152 2676 1217 2723 esse
1240 2658 1375 2740 putaret,

188 2771 294 2854 Bergk
332 2772 431 2855 (Poct.
468 2773 528 2854 lyr.
565 2770 676 2835 Graec.
711 2769 786 2833 ΠΙ3
822 2769 902 2834 1287
937 2770 1016 2850 sqq.)
1055 2768 1195 2852 triginta,
1230 2769 1379 2854 Hartung

188 2881 329 2964 (Grieah.
359 2883 431 2966 Lyr.
455 2884 502 2948 VI
530 2883 570 2948 51
595 2882 675 2964 sqq.)
704 2882 817 2965 uiginti
846 2883 992 2965 septem?
1022 2880 1100 2945 adde
1130 2880 1212 2963 quod
1240 2881 1378 2962 quaein

189 2992 316 3080 libellis,
354 2994 466 3077 quibus
504 2995 543 3058 de
581 2994 685 3058 scoliis
723 2994 845 3077 agitur,
884 2996 916 3058 et
953 2993 986 3057 in
1025 2991 1227 3074 compendiis,
1266 2993 1377 3076 quibus

189 3106 319 3171 historie
353 3108 531 3173 litterarum
566 3108 755 3173 Graecarum
790 3107 971 3189 explicatur,
1010 3110 1042 3170 et
1076 3107 1192 3188 passim
1226 3106 1277 3170 hic
1309 3105 1377 3172 illic
1470 3112 1482 3125 ⁸

185 3208 226 3282 de
263 3219 427 3284 scoliornm
465 3223 576 3284 natura
613 3220 777 3302 leguntur,
816 3218 883 3281 tam
919 3216 1083 3300 ambigua,
1124 3235 1220 3300 vage,
1258 3217 1377 3284 incerta

184 3334 271 3409 sunt,
295 3333 331 3395 ut
353 3332 454 3414 primo
477 3331 642 3414 intelleges
665 3331 792 3412 aspectu
816 3349 882 3393 rem
906 3329 1046 3393 nondum
1069 3329 1145 3393 satis
1175 3348 1240 3395 esse
1270 3333 1376 3412 explo-

187 3442 289 3508 ratam
312 3447 516 3528 accurateque
540 3463 629 3528 egcre
645 3441 873 3524 disquisitione,
898 3459 960 3522 qua
977 3441 1094 3506 certius
1112 3441 1187 3523 quid
1202 3444 1373 3507 statuatur.

186 3572 261 3619 nam
290 3554 381 3638 Ilgen
410 3557 475 3638 ipse
508 3555 683 3621 accuratius
717 3554 845 3619 definire
878 3553 991 3631 omisit,
1022 3553 1098 3634 quid
1128 3554 1194 3618 eius
1223 3553 1374 3619 carminis

91 3725 93 3728 ,
182 3669 268 3730 esset
290 3669 462 3750 proprium,
492 3670 573 3752 quod
602 3666 780 3751 appelletur
812 3665 953 3730 scolium.
988 3666 1157 3729 novissime
1185 3668 1291 3730 autem
1321 3665 1375 3748 qui

181 3776 225 3842 de
247 3779 349 3844 scoliis
373 3780 439 3863 egit
454 3781 564 3846 Runclr
587 3781 608 3845 1.
633 3798 660 3844 1.
684 3797 753 3844 eam
775 3797 841 3842 rem
864 3776 1017 3858 explicare
1040 3778 1278 3860 aggressusest
1302 3796 1373 3860 per·

185 3909 301 3972 peram,
325 3911 397 3957 cum
412 3912 428 3959 e
444 3892 520 3957 locis
536 3893 610 3976 illis,
635 3892 747 3974 quibus
763 3890 860 3955 scolia
875 3907 894 3953 a
909 3889 1098 3972 peritissimo
1113 3908 1233 3972 quoque
1249 3892 1374 3954 cantata

184 4020 251 4067 esse
266 4004 412 4082 traditur,
436 4005 632 4070 concluderet
656 4008 699 4086 (p.
717 4001 785 4087 10):
804 3998 916 4067 ‘fuisse
936 4000 1032 4066 scolia
1047 4000 1138 4065 initio
1155 4001 1245 4083 quasi
1264 4000 1373 4064 florem

183 4116 293 4198 poesis,
328 4136 389 4182 non
423 4117 590 4199 unicuique
623 4118 743 4198 notam,
777 4114 904 4197 plenam
939 4111 1175 4186 sententiarum,
1192 4174 1194 4179 ,
1210 4130 1271 4176 111
1303 4111 1372 4177 eine

182 4221 276 4292 sale’.
310 4246 365 4295 cur
399 4233 506 4295 autem
540 4227 640 4293 multe
669 4245 747 4310 quae
776 4225 864 4293 nobis
894 4228 1062 4307 supersunt
1090 4222 1186 4288 seclia
1214 4223 1246 4287 in
1275 4222 1370 4288 istam

180 4339 371 4406 sententiam
387 4360 449 4407 non
464 4340 629 4424 quadrent,
644 4342 711 4424 ipse
727 4340 775 4404 his
788 4336 895 4403 studet
907 4336 1061 4418 explicare
1077 4334 1196 4400 verbis:
1215 4329 1371 4402 ‘attamen

1199 4441 1216 4488 4
