3120 4966
684 285 898 352 ..37-

189 479 251 559 (sc.
276 476 458 543 Dicaearchi
482 475 647 555 sententia)
671 494 706 541 eo
729 476 832 541 maius
854 473 969 539 habere
990 473 1109 556 pondus
1132 471 1269 552 videtur,
1298 475 1385 562 qnod

189 589 401 655 Dicaearchus
425 585 604 653 Aristotelis
627 589 676 652 661
699 586 870 671 discipulus
894 589 925 651 61
949 604 986 650 66
1007 586 1111 650 aetate
1132 583 1221 666 vixit,
1250 587 1288 650 ut
1315 588 1381 668 ipse

188 701 248 766 tali
277 699 399 766 ludicro
428 697 576 764 interesse
605 702 637 762 61
664 697 759 764 666116
788 714 897 763 canere
926 697 1078 780 potuerit3
1108 696 1162 778 qui
1191 696 1291 781 igitur
1306 715 1383 762 ,666

187 832 226 878 ex
252 811 397 895 opinione
423 813 514 875 etex
537 828 621 875 mero
645 808 730 876 vocis
753 809 867 893 etymo,
897 809 1010 875 sodex
1033 807 1221 892 experientia
1244 809 1276 873 61
1298 809 1383 875 certa

188 924 234 989 rei
259 923 470 1006 exploratione
494 921 645 987 iudicasse
667 923 825 1005 putandus
846 917 910 987 6613
937 923 971 986 61
986 921 1012 986 61
1028 940 1126 1004 usque
1141 920 1180 985 ad
1196 920 1381 987 Dicaearchi

188 1036 332 1119 tempora
353 1036 448 1100 666116
470 1033 695 1112 inuenerant,
720 1052 775 1098 cur
789 1032 1002 1113 Aristoxenus,
1026 1032 1211 1099 Dicaearchi
1228 1032 1379 1115 aequalis,

187 1146 292 1211 multo
316 1146 379 1211 alio
394 1145 485 1212 modo
502 1144 670 1213 scoliorum
687 1146 847 1210 6166666
863 1147 1001 1210 616666
1025 1144 1220 1228 explicavit?
1243 1144 1381 1233 ceterum

188 1256 229 1323 16
259 1260 371 1332 661616,
406 1276 467 1340 qua
497 1256 595 1321 666116
621 1255 782 1321 floruerint
811 1259 842 1321 61
871 1257 993 1339 quando
1026 1255 1241 1338 obsoleverint,
1276 1256 1381 1340 aptius

186 1368 250 1434 alio
271 1370 340 1436 loco
363 1368 514 1434 dicemus.
529 1368 613 1432 haec
636 1354 744 1453 igitur
757 1368 794 1432 16
819 1368 1000 1434 Dicaearchi
1022 1369 1186 1435 sententia.
1219 1393 1243 1458 j

293 1544 381 1608 Iusto
410 1540 540 1607 minoris
568 1559 666 1623 usque
690 1542 792 1606 adhuc
815 1541 913 1637 miror
941 1542 1084 1607 habitam
1114 1561 1180 1607 esse
1202 1541 1382 1607 Aristoxeni

184 1653 380 1720 sententiam
410 1656 504 1737 atque
532 1653 566 1718 id
593 1652 655 1718 fere
678 1671 804 1735 prorsus
828 1656 1008 1737 neglectum
1031 1673 1109 1732 esse,
1139 1653 1220 1736 quod
1244 1653 1382 1719 musicus

187 1767 242 1832 ille
273 1765 465 1832 clarissimus
495 1763 593 1830 seclia
622 1782 684 1829 non
707 1782 726 1829 6
749 1763 940 1849 melopoeiae
969 1764 1059 1829 modo
1088 1782 1200 1830 nomen
1229 1764 1382 1847 accepisse

187 1876 330 1943 tradidit.
360 1895 434 1943 nam
456 1878 540 1942 certe
563 1894 582 1940 a
604 1877 723 1942 musico
747 1879 995 1958 exspectaremus
1025 1878 1214 1942 sententiam
1244 1877 1382 1941 similem

185 1990 267 2067 eius,
296 2008 391 2071 quam
412 1988 489 2054 tulit
511 1988 707 2068 Eustathius,
737 1987 791 2071 qui
815 2007 834 2053 a
856 1990 947 2054 modo
977 1988 1112 2071 quodam
1140 1988 1261 2054 musico
1285 1988 1381 2053 seclia

189 2099 348 2185 appellata
376 2118 440 2165 osse
469 2099 640 2175 contendit.
672 2103 728 2166 661
751 2100 955 2166 Aristoxenus
985 2109 1021 2165 61
1045 2100 1228 2166 Dicaearchi
1257 2100 1379 2184 respuit

188 2210 388 2286 sententiam,
411 2229 489 2293 quae
513 2210 542 2276 ei
558 2230 670 2293 parum
692 2214 757 2276 veri
780 2211 893 2277 similis
917 2229 983 2276 esse
1007 2211 1181 2292 videbatur,
1204 2211 1253 2278 ita
1274 2212 1380 2297 gravis

190 2320 281 2387 testis
309 2321 358 2386 est
386 2323 450 2386 suis
480 2321 606 2404 quidem
638 2323 829 2406 temporibus
860 2343 926 2388 rem
954 2322 1051 2389 fuisse
1080 2323 1255 2390 inauditam
1284 2324 1380 2389 666116

186 2430 357 2499 66616116
372 2450 486 2498 66666
503 2433 643 2498 traxisse.
667 2436 700 2498 at
721 2452 816 2516 quam
839 2434 905 2518 ipse
928 2435 1118 2521 excogitavit
1140 2436 1378 2519 explicationem

184 2545 225 2608 16
247 2545 372 2609 16616116
394 2545 428 2609 16
452 2545 571 2625 nuptiis
593 2545 677 2611 inter
708 2565 740 2611 se
769 2546 894 2629 oblique
925 2548 1081 2613 collocatis
1110 2567 1237 2630 prorsus
1266 2551 1379 2614 reicere

186 2674 248 2721 non
272 2656 396 2722 dubito.
432 2657 507 2740 quid
537 2659 642 2724 enim?
672 2659 787 2725 solisne
814 2660 848 2724 in
878 2660 997 2743 nuptiis
1026 2661 1124 2727 666116
1154 2660 1284 2726 6661616
1311 2679 1379 2726 esse

185 2769 395 2834 statuamusa
409 2786 445 2833 ao
468 2786 529 2851 quo
553 2770 653 2846 modo,
678 2788 800 2852 quaeso,
825 2771 923 2836 666116
945 2789 964 2835 6
985 2772 1110 2837 16616116
1134 2770 1259 2854 oblique
1282 2775 1380 2840 collo·

183 2881 264 2953 catis
293 2879 445 2963 appellari
474 2883 631 2963 poterant,
661 2881 689 2946 si
718 2882 770 2948 hic
793 2902 861 2949 mos
885 2884 916 2949 in
939 2884 1058 2965 nuptiis
1081 2887 1302 2952 tantummodo
1325 2889 1379 2953 ob«

182 2992 397 3058 servabatur?
430 3012 469 3057 an
500 2997 637 3076 praestat
665 2994 804 3062 iudicare
834 2995 932 3061 666116
958 2994 1050 3061 initio
1080 3001 1191 3064 666166
1221 2999 1379 3082 nuptiales

184 3104 308 3181 fuisse?
329 3103 469 3170 minime.
494 3106 548 3170 sed
572 3107 716 3188 quamvis
739 3108 813 3173 talis
836 3107 1001 3191 explicatio
1024 3110 1115 3177 nobis
1138 3131 1199 3177 non
1217 3113 1374 3196 probetur,

184 3218 292 3280 tamen
314 3204 399 3281 hacid
421 3216 551 3281 inutilia
572 3220 647 3283 6661
662 3220 842 3286 Aristoxeni
856 3221 961 3301 verba,
985 3223 1100 3306 quippe
1115 3223 1229 3305 quibus
1246 3223 1376 3289 edocea-

185 3344 258 3391 mur
288 3329 480 3393 musicorum
509 3329 598 3396 illius
628 3331 739 3397 aetatis
773 3333 907 3415 principi
936 3352 998 3398 non
1025 3335 1181 3416 placuisse
1209 3336 1377 3403 seoliorum

184 3438 323 3503 nominis
347 3439 497 3523 originem
521 3443 663 3524 repetere
685 3461 703 3506 a
725 3443 817 3509 modo
840 3446 974 3526 quodam
998 3447 1127 3525 musico,
1151 3466 1251 3530 neque
1273 3450 1376 3533 magis

184 3568 257 3614 eum
285 3551 424 3632 potuisse
454 3552 514 3617 sibi
544 3554 730 3636 persuadere
760 3556 889 3622 canendi
918 3559 1058 3623 ordinem
1087 3559 1182 3625 fnisse
1214 3561 1373 3644 inflexum,

180 3663 265 3744 quod
277 3663 431 3728 doctiores
448 3666 574 3730 tantum
592 3667 757 3750 canerent3
780 3686 858 3749 quac
875 3667 954 3733 duae
972 3671 1191 3753 explicationes
1207 3673 1272 3737 iam
1287 3674 1327 3738 ob
1344 3675 1376 3739 id

180 3773 297 3855 ipsum,
330 3774 411 3858 quod
439 3777 495 3842 ille
525 3797 575 3843 eas
604 3777 734 3862 respuit,
765 3797 827 3844 uon
857 3798 1006 3863 magnam
1028 3801 1102 3865 prae
1125 3801 1158 3847 se
1181 3783 1287 3849 ferunt
1311 3787 1376 3851 veri

184 3885 432 3953 similitudinem.

287 4051 396 4133 Neque
419 4050 568 4115 maiorem
591 4051 684 4117 fidem
708 4053 878 4121 habeamus
902 4058 1024 4140 oportet
1039 4057 1218 4137 Plutarcho,
1244 4061 1374 4141 quinon

181 4163 308 4243 propter
331 4160 472 4227 ordinem
502 4162 682 4229 canentium
711 4164 870 4251 inflexum,
899 4168 1088 4251 66166166,
1119 4172 1201 4252 quod
1230 4171 1376 4241 diflicilia

179 4275 282 4358 erant,
313 4273 453 4339 carmina
484 4274 541 4339 illa
570 4292 683 4341 nomen
706 4278 861 4360 accepisse
884 4281 990 4346 tradit.
1027 4299 1104 4363 quae
1128 4281 1232 4364 opinio
1255 4288 1376 4369 pariter
