3120 4966
699 349 914 415 ..ης-

700 540 734 607 2.
756 537 912 607 ΑΙιοεοε.

324 678 371 743 Ι)ο
400 677 508 743 Alcaei
551 676 656 742 scoliis
695 675 772 740 haee
806 679 930 741 exstant
967 673 1168 740 testimonia:
1211 674 1397 740 Aristotcles

211 789 306 856 Polit.
329 790 381 855 ΙΙΙ
407 791 436 868 9,
466 791 502 857 5:
538 793 588 854 ὅτι
617 790 743 854 εἵλοντό
772 808 850 852 ποτε
873 790 1099 869 Μιτυληναῖοι
1123 788 1289 852 Πιττακὸν
1316 788 1400 872 πρὸς

211 905 290 980 τοὺς
312 902 482 986 φυγάδας,
518 892 566 967 ὧν
587 903 847 986 προειστήκεσαν
880 897 1106 985 Ἀντιμενίδης
1131 902 1187 965 καί
1210 895 1359 976 Ἀλκαῖος
1381 900 1398 962 ὁ

210 1017 358 1098 ποιητής.
390 1014 486 1096 δηλοῖ
507 1013 536 1078 δ’
549 1010 707 1094 Ἀλκαῖος,
735 1015 784 1077 ὅτι
809 1017 977 1098 τύραννον
999 1013 1126 1077 εἴλοντο
1148 1013 1208 1076 τὸν
1232 1012 1398 1075 Πιττακὸν

213 1129 249 1193 ἕν
271 1151 337 1193 τινι
360 1135 426 1190 τῶν
448 1127 592 1191 σκολιῶν
613 1127 737 1208 μελῶν·
761 1123 893 1211 ἐπιτιμᾷ
915 1127 979 1210 γὰρ
1003 1125 1070 1188 ὅτι·

989 1239 1048 1301 τὸν
1070 1236 1296 1320 κακοπατριδα

362 1351 526 1415 Πιττακὸν
549 1351 675 1426 πόλεως
695 1357 754 1424 τοῖς
777 1349 886 1433 ἀχόλω
908 1350 963 1411 καί
985 1348 1233 1432 βαρυδαίμονος

358 1464 537 1528 ἐσπάσαντο
567 1463 735 1546 τύραννον
762 1463 832 1543 μέγ’
857 1461 1064 1535 ἐπαινέοντες
1086 1459 1227 1536 ἀολλέες,

211 1601 326 1666 Athen.
360 1601 418 1665 XV
454 1600 517 1665 694
551 1599 598 1664 A:
633 1597 676 1675 ὡς
706 1595 948 1683 Ἀριστοφάνης
979 1600 1178 1682 παρίστησιν
1211 1596 1249 1662 έν
1276 1602 1397 1662 Δαιτα-

210 1718 304 1780 λεῦσι
327 1717 432 1797 λέγων
456 1714 583 1789 οὕτως·

297 1834 381 1930 ᾆσον
403 1842 443 1924 δή
467 1865 523 1926 μοι
547 1843 682 1906 σκολιόν
703 1862 735 1903 τι
756 1839 869 1922 λαβὼν
881 1834 1033 1902 Ἀλκαίου
1056 1841 1086 1901 κ’
1106 1834 1351 1922 Ἀνακρέοντος.

211 1981 250 2046 ad
266 1980 489 2061 Aristophanis
506 1979 597 2062 Vesp.
614 1998 644 2043 v.
663 1977 746 2043 1234
761 1996 817 2060 sq,
842 1976 896 2041 ubi
911 1976 1079 2052 Philoclco,
1104 1977 1158 2059 qui
1182 1995 1248 2042 sese
1263 1976 1397 2043 alterurn

210 2093 342 2157 scolium
365 2093 567 2157 cantaturum
591 2090 764 2174 praedicit,
790 2090 848 2154 hoo
871 2088 1004 2172 profert:

365 2220 536 2313 ὦνθρωφ’,
562 2218 660 2305 οὗτος
683 2228 700 2290 δ
724 2229 901 2311 μαιόμενος
922 2227 960 2290 τὸ
983 2228 1066 2309 μέγα
1088 2229 1217 2310 κράτος,

367 2342 540 2425 ἀντρέψεις
562 2340 610 2404 ἔτι
631 2341 692 2403 τδιν
714 2341 828 2402 πόλιν·
852 2339 873 2402 δι
896 2334 924 2401 δ’
944 2338 1050 2422 ἔχεται
1072 2337 1187 2421 ῥοπᾶς.

209 2479 381 2543 scholiasta
412 2478 592 2543 adnotavit:
628 2495 718 2560 παρα
742 2499 781 2540 τα
798 2472 952 2541 Ἀλκαίου
981 2477 1014 2540 et
1041 2475 1166 2541 ἐκτῶν
1183 2473 1398 2557 Ἀλκαίουῧθ),

211 2588 325 2672 quibus
350 2591 427 2654 adde
444 2588 645 2654 hustathium
661 2589 734 2666 326,
753 2588 810 2652 36:
835 2588 899 2652 ἀπὸ
923 2587 959 2652 δὲ
981 2598 1041 2651 τοῦ
1062 2587 1223 2671 ῥηθέντος
1233 2584 1398 2672 Ἀδμήτου

212 2703 345 2766 σκόλιόν
368 2725 398 2767 τι
421 2701 458 2765 έν
476 2698 633 2783 Ἀθήναις
655 2691 697 2783 ἦν
720 2696 902 2787 ᾀδόμενον,
933 2698 976 2776 ὡς
998 2700 1054 2763 καί
1078 2703 1272 2776 Παυσανίας
1295 2701 1399 2782 φησίν

213 2814 316 2902 ἐντῷ
341 2815 450 2901 οἰκείῳ
473 2812 586 2897 λεξικῷ
610 2815 715 2896 λέγων
739 2811 783 2888 ὡς
806 2812 920 2897 οἱμὲν
939 2809 1091 2878 Ἀλκαίου
1115 2814 1219 2894 φασίν
1245 2814 1342 2894 αὐτό,
1367 2813 1400 2877 οἱ

210 2925 249 2989 δὲ
272 2929 446 3007 Σαπφοῦς,
470 2926 502 2989 οἱ
525 2925 561 2988 δὲ
585 2923 769 3007 Πραξίλλης
791 2933 848 3007 τῆς
871 2928 1069 3001 Σικυωνίας.
1081 2923 1122 3010 ⁴⁰)
1162 2925 1264 3008 Bergk
1291 2928 1397 2991 autem

213 3037 308 3119 (Pho
321 3035 386 3100 111³
402 3036 462 3100 941
477 3039 556 3118 sqq.)
569 3034 660 3098 XXII
673 3036 837 3101 scoIiorum
851 3035 1027 3118 fragmenta
1039 3037 1175 3120 collegit,
1192 3036 1245 3102 scd
1258 3054 1317 3119 quo
1330 3038 1398 3102 iure

211 3167 319 3212 versus
343 3147 382 3212 ab
401 3147 610 3230 Aristophane
633 3146 727 3228 Vesp.
752 3147 836 3212 1234
859 3166 903 3229 sq.
928 3152 1064 3214 serratos
1087 3169 1105 3212 a
1127 3149 1231 3214 sooliis
1253 3166 1396 3233 segrega-

212 3259 291 3324 verit
321 3259 573 3342 carminibusque
605 3259 774 3324 stasioticis
809 3258 994 3333 inseruerit,
1030 3259 1131 3325 neseio
1164 3278 1262 3342 neque
1297 3260 1397 3344 magis

211 3372 378 3454 perspIoio‚
414 3389 467 3435 cur
489 3389 614 3434 versum
637 3388 655 3433 a
677 3370 848 3436 scholiasta
870 3370 1011 3436 Platonis
1040 3391 1070 3455 p.
1095 3371 1157 3435 377
1187 3372 1308 3437 Beklrer
1332 3375 1396 3437 tra·

212 3482 332 3547 dItum:
356 3479 457 3565 οἶνος,
480 3472 505 3548 ὦ
528 3486 603 3566 φίλε
617 3493 686 3563 παῑ,
707 3484 761 3548 καλ
778 3483 905 3547 ἀλάθεα
922 3481 974 3566 (of.
992 3482 1105 3546 Athen.
1121 3481 1139 3546 I
1154 3481 1194 3546 37
1209 3483 1247 3564 h)
1274 3482 1398 3548 erotiois

211 3616 304 3680 quam
329 3595 432 3661 scoliis
460 3594 597 3660 tribuere
626 3595 782 3660 maluerit.
814 3596 962 3676 Hartung
993 3595 1062 3676 (Gr.
1086 3594 1158 3677 Lyr.
1182 3592 1227 3656 VI
1249 3594 1292 3660 34
1314 3597 1395 3678 sqq.)

211 3708 321 3774 XVIII
336 3706 443 3773 Alcaei
459 3707 556 3772 scolia
572 3705 692 3786 attulit,
715 3705 768 3771 sed
786 3726 804 3772 a
820 3705 949 3790 Berghii
965 3705 1166 3788 dispositione
1182 3706 1233 3770 hie
1248 3705 1315 3770 illic
1331 3706 1397 3771 dis·

210 3820 315 3886 cessit.
339 3820 426 3883 velut
448 3836 575 3883 versum
598 3818 742 3883 aTuetze
765 3817 804 3882 ad
821 3817 1033 3901 Lycophronis
1055 3835 1085 3882 v.
1098 3818 1161 3883 212
1184 3817 1396 3899 adscriptum:

212 3931 303 4010 οἶνος
335 3934 398 4017 γὰρ
427 3931 619 4015 ἀνθρώποις
645 3930 824 4015 δίοπτρον,
865 3948 956 4012 quem
979 3929 1083 4013 Bergk
1115 3929 1204 3995 soolii
1238 3930 1399 3996 exordium

212 4044 340 4124 hahuit,
364 4043 490 4109 eroticis
514 4041 687 4126 assignavit
710 4045 741 4107 et
763 4041 975 4126 fragmentum
999 4042 1088 4120 illud,
1113 4039 1398 4124 quodAristoteles

209 4214 416 4226 ————-——--

315 4286 346 4350 ³⁹)
365 4285 397 4338 cl.
417 4284 500 4337 etiam
518 4281 600 4337 schol.
619 4280 777 4349 Thesmoph.
797 4298 820 4336 v.
842 4287 900 4338 162.

317 4380 349 4446 Ν)
367 4380 399 4433 cf.
420 4378 503 4432 schol.
523 4376 661 4446 Aristoph.
682 4374 760 4445 Vesp.
782 4392 804 4428 v.
826 4382 900 4432 1240.
