3120 4966
671 335 887 402 -55-

184 565 262 630 quac
285 567 315 630 p.
339 546 442 612 LXXI
464 547 561 612 dixit:
586 543 782 613 ‘cantionum
811 548 1021 614 convivalium
1044 549 1104 615 duo
1127 550 1252 616 tantum
1275 551 1373 616 refert

185 659 297 726 Pollux
318 677 440 742 genera,
464 676 596 741 quorum
621 657 756 725 altarum
779 660 870 726 vocat
890 640 1050 744 cccccccccc
1072 657 1213 749 ᾄσματα,
1236 662 1372 727 altorum

183 775 316 851 σνολια;
350 773 402 836 scd
433 771 506 836 addi
534 773 666 854 possunt
692 779 831 848 παιᾶνες
858 773 890 836 ct
917 782 1033 856 κῶμοι,
1067 773 1122 854 ita,
1157 775 1193 838 ut
1225 775 1374 856 quattuor

183 903 298 968 genera
320 885 453 949 istorum
469 883 643 948 carminum
658 880 854 949 habeamus'.
879 885 933 949 scd
947 885 1005 950 hac
1020 904 1062 963 ro,
1087 904 1167 967 quac
1183 887 1232 950 ost
1246 885 1372 951 levioris

183 995 345 1078 momenti,
376 994 475 1060 missa
496 995 700 1077 inquiramus,
729 1015 805 1060 num
827 996 918 1080 Ilgon
940 1015 1007 1061 rem
1029 996 1063 1060 in
1085 996 1265 1063 universum
1289 1001 1376 1063 recto¹

182 1107 394 1190 explicaverit.

286 1221 334 1285 Ac
360 1218 572 1286 conviviorum
603 1217 691 1283 initio
720 1237 869 1300 pacancm
898 1219 948 1283 vcl
977 1219 1129 1302 hymnum
1161 1219 1200 1284 ab
1230 1220 1373 1286 omnibus

71 1401 73 1404 ,
181 1333 276 1398 simul
299 1333 461 1397 cantatum
484 1349 551 1394 osso
574 1329 657 1394 intor
680 1347 788 1394 omnes
810 1334 942 1411 constat,
968 1330 1005 1395 cf.
1023 1331 1109 1395 Plut.
1134 1330 1155 1394 l.
1173 1350 1214 1396 c:
1239 1342 1372 1415 πρῶτον

181 1446 244 1529 μὲν
266 1434 349 1530 ᾖδον
371 1439 463 1531 ᾠδὴν
485 1453 545 1506 τοῦ
568 1447 653 1506 θεοῦ
676 1452 797 1518 κοινῶς
820 1442 962 1518 ἅπαντες
983 1445 1043 1529 μιᾷ
1066 1447 1164 1528 φωνῇ
1185 1445 1373 1520 παιανίζον-

184 1580 245 1634 τες.
269 1555 386 1621 Athen.
407 1554 485 1619 XIV
508 1554 570 1619 627
594 1554 633 1617 F:
665 1555 748 1619 ἀλλὰ
777 1555 842 1638 μὴν
873 1555 906 1618 ολ
933 1556 1064 1640 ἀρχαῖοι
1092 1558 1148 1620 καί
1176 1559 1373 1641 περιέλαβον

183 1671 276 1735 ἕδεσι
298 1670 353 1733 καί
374 1670 490 1751 νόμοις
511 1669 590 1743 τοὺς
611 1676 679 1731 τῶν
700 1673 791 1731 θεῶν
813 1669 942 1750 ὕμνους
963 1663 1058 1754 ᾄδειν
1081 1668 1228 1746 ἅπαντας
1251 1671 1288 1734 ἐν
1306 1680 1375 1745 τοῖς

183 1779 429 1862 ἑστιασεσινλλ).
465 1779 538 1862 quid
572 1780 677 1844 autom
712 1780 915 1843 statuendum
950 1780 992 1843 sit
1021 1780 1059 1843 dc
1088 1780 1186 1845 altero
1218 1787 1250 1846 ct
1279 1780 1374 1847 tortio

180 1897 356 1960 carminum
390 1891 611 1968 convivalium,
646 1907 779 1973 quorum
814 1888 1006 1955 montionem
1040 1889 1132 1956 iacit
1151 1892 1373 1971 Dicaearchus

180 2023 304 2089 gonaro,
338 2003 438 2068 multo
472 2000 630 2066 difficilior
665 2001 712 2066 cst
745 2001 821 2066 hacc
855 2001 1006 2084 quaestio,
1043 2019 1115 2066 cum
1149 2002 1203 2068 illc
1238 2022 1277 2068 no
1311 2023 1373 2069 uno
1469 1992 1472 1997 ’

180 2115 309 2199 quidem
338 2113 514 2197 exposuerit
543 2114 647 2188 verbo,
675 2131 753 2195 quac
783 2116 922 2178 carmina
945 2113 984 2177 ad
1008 2114 1145 2178 altorum
1167 2115 1249 2181 illud
1273 2135 1372 2200 genus

181 2226 382 2311 pertinerent.
413 2226 495 2309 quod
517 2225 545 2290 si
569 2225 658 2308 llgen
682 2225 821 2292 affirmat
843 2222 975 2314 ᾅσματα
996 2227 1155 2310 παροίνια
1177 2228 1216 2292 ad
1239 2227 1375 2293 altorum

185 2357 290 2420 genus,
315 2339 411 2403 scolia
426 2339 465 2402 ad
481 2337 612 2402 tertium
629 2337 792 2402 referenda
808 2357 883 2420 esse,
909 2339 987 2404 hacc
1003 2356 1089 2403 mora
1112 2340 1160 2403 est
1183 2339 1372 2419 coniectura,

186 2469 259 2533 quas
288 2451 327 2516 iis
355 2450 448 2529 locis,
484 2466 558 2532 quos
593 2449 648 2512 illo
681 2448 788 2530 affert,
823 2469 886 2515 non
909 2450 1050 2518 fulcitur.
1079 2446 1220 2532 ‘finitis',
1254 2449 1371 2534 inquit,

181 2557 321 2628 ‘deorum
355 2562 501 2627 laudibus
537 2560 719 2627 convivator
752 2563 790 2639 oi,
825 2562 880 2644 qui
913 2563 1014 2644 primo
1050 2561 1118 2628 loco
1152 2563 1370 2643 accumbebat,

181 2673 336 2740 citharam
369 2674 515 2739 tradebat
549 2693 682 2755 cumque
716 2673 847 2738 iubebat
879 2674 999 2757 aliquid
1033 2693 1159 2755 cancrc;
1197 2676 1237 2741 cf.
1273 2677 1372 2743 schol.

180 2787 342 2871 Aristoph.
365 2785 449 2852 Nub.
472 2805 501 2850 v.
527 2784 610 2850 1358
637 2784 761 2868 (1355):
795 2785 832 2849 ἐν
860 2796 929 2861 τοῖς
951 2789 1149 2869 συμποσίοις
1170 2790 1281 2877 sconico
1305 2800 1374 2866 τοῖς

181 2900 391 2983 ἑστιωμένοις
413 2899 431 2962 ὁ
455 2899 613 2982 ἑστιάτωρ
637 2898 753 2973 διδοὺς
775 2900 882 2982 λύραν
905 2897 1055 2963 ἐκέλευεν
1079 2889 1157 2986 ᾆσαι
1179 2896 1295 2986 ᾠδήν.
1319 2901 1374 2982 qui

180 3013 289 3076 autom
312 3030 346 3075 eo
369 3010 486 3076 scholio
510 3010 706 3094 explicantur
729 3028 836 3075 vorsus
858 3009 892 3075 hi
914 3012 1004 3076 sunt:

284 3158 418 3231 ccciccc
440 3150 501 3232 μὲν
524 3149 627 3212 αὐτὸν
651 3148 711 3230 τὴν
735 3151 842 3233 λύραν
864 3149 996 3232 λαβόντ’
1020 3150 1083 3233 ἐγὼ
1108 3153 1258 3216 ’κέλευσα

286 3252 364 3346 ᾆσαι
386 3260 581 3344 Σιμωνίδου
605 3262 711 3342 μέλος,
735 3261 794 3324 τὸν
815 3255 933 3344 Κριόν,
958 3262 1002 3339 ὡς
1023 3263 1156 3348 ἐπέχθη.

182 3421 388 3428 --.-.-.—.—-

289 3511 320 3576 ²⁷)
340 3511 398 3564 Iam
417 3511 531 3565 Alcman
551 3509 619 3564 dicit
638 3511 667 3564 in
686 3511 766 3579 frgm,
784 3515 818 3562 ‘34
836 3511 964 3579 (Bergulz

545 3649 658 3709 Φοίναις
675 3646 705 3700 δὲ
723 3647 769 3699 καὶ
787 3644 816 3700 έν
833 3648 974 3701 θιάσοισιν

543 3741 678 3812 ἀνδρείων
695 3743 771 3812 παρὰ
790 3742 997 3812 δαιτυμόνεσσιν

544 3838 641 3907 πρέπει
658 3841 763 3891 παιᾶνα
781 3839 932 3907 κατάρχειν.

182 3976 451 4032 Lacedaemoniorum
474 3994 576 4032 morem
601 3978 730 4032 describit
753 3978 932 4032 Philochorus
955 3979 1026 4048 apud
1050 3979 1149 4033 Athon.
1174 3979 1239 4035 XIV
1262 3984 1313 4033 630
1336 3980 1375 4035 F:

182 4070 298 4139 ἔθος..,
326 4070 360 4124 δν
388 4071 654 4139 δειπνοποιήσωνται
677 4071 724 4123 καὶ
746 4071 937 4139 παιανίσωσιν,
960 4067 1037 4140 ᾄδειν
1064 4073 1131 4126 καθ’
1154 4072 1202 4125 ἕνα
1228 4073 1374 4141 Τυρταίου·

183 4167 285 4235 κρίνειν
303 4165 333 4220 δὲ
350 4166 399 4220 τὸν
416 4165 587 4234 πολέμαρχον
604 4166 651 4218 καὶ
669 4162 757 4219 ἆθλον
774 4166 882 4220 διδόναι
899 4167 938 4237 τῷ
954 4173 1066 4220 νικῶντι
1083 4168 1171 4236 κρέας.
1191 4168 1223 4222 cf.
1239 4177 1374 4238 practerea

182 4262 261 4316 Plato
285 4263 376 4332 Symp.
403 4266 452 4315 tvo
470 4264 502 4327 A,
527 4261 647 4332 Xenoph.
672 4262 762 4332 Symp.
782 4268 806 4315 2.
831 4269 853 4329 1,
881 4261 956 4316 Plut.
984 4264 1087 4330 quaest.
1114 4279 1200 4331 symp.
1219 4262 1274 4316 VII
1299 4267 1324 4317 8.
1347 4267 1373 4324 4,

182 4355 281 4412 Athon.
299 4357 323 4411 V
343 4362 392 4411 179
410 4358 443 4411 D.
1143 4378 1145 4383 ·
