3120 4966
683 321 897 385 ..52-

192 525 260 573 esuc
290 512 533 573 commemorata
562 508 719 573 videmus:
748 511 824 593 περὶ
853 509 889 573 δὲ
917 514 1051 593 μελικῆς
1076 514 1240 595 ποιήσεως
1269 515 1383 597 φησίν,

192 618 238 696 ὡς
254 617 519 705 πολυμερεστάτη
543 642 577 683 σε
595 623 651 684 καὶ
666 619 853 705 διαφόρους
867 621 932 703 ἔχει
947 619 1065 704 τομάς·
1088 625 1109 685 ἀ
1124 622 1263 708 μὲνγὰρ
1283 626 1386 708 αὐτῆς

191 733 382 816 μεμέρισται
400 736 508 813 θεοῖς,
532 734 554 794 οἳ
576 732 612 795 δὲ
630 733 839 816 ἀνθρώποις,
863 735 884 796 ἀ
908 733 943 796 δὲ
965 735 1012 809 εἰς
1033 734 1092 810 τὰς
1113 739 1385 818 προσπιπτούσας

192 842 408 928 περιστάσεις.
441 846 497 907 καὶ
519 845 566 919 εἰς
587 845 692 920 θεοὺς
713 844 773 926 μὲν
796 845 1027 929 ἀναφέρεσθαι
1049 847 1168 928 ὕμνον,
1190 847 1384 931 προσόδιον,

191 961 334 1034 παιᾶνα,
357 956 586 1039 διθύραμβον,
608 960 731 1039 νόμον,
755 957 932 1037 ἀδωνίδια,
954 958 1127 1041 ἰόβαπχον,
1152 959 1383 1043 ὑπορχήματα·

192 1067 239 1141 εἰς
262 1067 299 1131 δὲ
321 1068 523 1148 ἀνθρώπους
550 1068 711 1151 ἐγκώμια,
746 1068 930 1150 έπινίκους,
964 1067 1098 1151 σκολιά,
1133 1068 1287 1155 ἐρωτικά,
1314 1071 1383 1136 έπι·

191 1178 356 1262 θαλάμια,
380 1182 575 1262 ὑμεναίους,
600 1183 748 1263 σίλλους,
770 1182 934 1264 θρήνους,
958 1181 1144 1263 έπιαήδεια·
1168 1183 1215 1257 εἰς
1229 1185 1332 1259 θεοὺς
1346 1183 1384 1247 δὲ

191 1294 248 1356 καὶ
267 1293 470 1376 ἀνθρώπους
488 1294 667 1376 παρθένια,
679 1291 927 1377 δαφνηφορικά,
945 1292 1168 1378 ὠσχοφορικά,
1182 1293 1324 1358 εὐκτιαά.
1341 1331 1384 1342 -—

191 1405 285 1468 Alter
307 1404 392 1468 locus
422 1425 438 1468 e
460 1404 565 1469 Procli
597 1404 838 1469 chrestomathia
869 1406 1069 1486 depromptus
1100 1406 1203 1486 (Phot.
1229 1407 1294 1470 cod.
1318 1406 1383 1470 239

192 1535 222 1597 p.
239 1515 312 1594 321,
330 1516 375 1597 3):
398 1516 436 1579 τὸ
453 1517 489 1580 δὲ
506 1517 640 1580 σκολιὸν
656 1518 751 1600 μέλος
767 1512 864 1600 obduro
887 1518 966 1601 περὶ
987 1519 1066 1593 τοὺς
1088 1520 1227 1594 πότους·
1251 1519 1304 1582 διὸ
1326 1521 1384 1582 καὶ

192 1630 370 1712 παροίνιον
392 1629 474 1693 αὐτὸ
504 1628 577 1691 ἔσθ’
607 1630 660 1692 ὅτε
682 1631 842 1693 καλοῦσιν
876 1628 954 1693 falso
984 1627 1157 1708 explicatur
1190 1629 1230 1693 ab
1260 1629 1382 1712 Ilgenio

187 1754 225 1820 sp.
248 1737 356 1804 dxcv
379 1740 424 1804 sio
455 1739 652 1821 disputante:
675 1734 763 1805 ‘cum
787 1739 871 1804 dieat
893 1740 965 1803 ἔσθ’
987 1742 1041 1804 ὅτε
1064 1744 1234 1821 καλοῦσιν,
1258 1740 1383 1806 videtur

192 1849 272 1915 nihil
295 1851 379 1916 aliud
405 1850 494 1928 velle,
518 1870 612 1933 qnam
636 1850 733 1915 scolia
754 1851 914 1916 interdum
937 1853 1063 1935 quidem
1084 1853 1190 1917 vocari
1211 1858 1381 1937 παροίνια,

191 1962 265 2044 quia
291 1963 375 2027 sicut
403 1964 561 2047 παροίνια
592 1962 777 2026 canerentur
805 1964 880 2045 περὶ
909 1965 987 2037 τοὺς
1011 1966 1150 2040 πόπους,
1184 1966 1238 2028 sed
1267 1983 1382 2028 nomen

191 2075 270 2140 illud
293 2074 349 2140 alii
370 2075 477 2156 generi
500 2069 702 2155 competere’.
729 2077 762 2138 at
786 2092 862 2137 num
878 2072 1005 2138 Proclus
1029 2074 1169 2140 dicturus
1185 2076 1253 2141 erat
1268 2095 1382 2141 nomen

191 2187 245 2250 alii
272 2186 379 2268 generi
407 2188 606 2269 competere?
638 2185 783 2269 minime;
814 2185 894 2249 nihil
923 2185 1009 2250 aliud
1038 2186 1123 2251 enirn
1153 2189 1254 2253 dicere
1280 2188 1382 2254 voluit

191 2299 246 2363 ille
265 2297 328 2364 nisi
344 2298 439 2363 scolia
456 2298 614 2362 interdum
633 2299 788 2363 nominari
806 2297 946 2362 carmina
966 2298 1150 2375 convivalia,
1175 2319 1234 2382 quo
1254 2300 1380 2365 nomine

191 2430 252 2476 uon
268 2412 354 2477 aliud
370 2411 545 2476 carminum
561 2429 659 2494 genus
674 2409 879 2494 significatur,
897 2410 951 2474 scd
964 2410 1138 2475 carminum
1155 2412 1380 2496 argumentum

191 2523 383 2604 exprimitur.
401 2523 540 2588 conferas
556 2523 650 2587 etiam
667 2522 760 2586 schol.
774 2522 812 2586 ad
826 2523 986 2604 Aristoph.
999 2523 1092 2604 Vesp.
1109 2542 1138 2587 v.
1153 2523 1251 2588 1240:
1269 2526 1378 2612 τούτῳ

189 2640 224 2700 τί
237 2635 338 2714 λέξεις
353 2637 503 2700 σκολιόν·
526 2647 626 2700 τοῦτο
643 2637 675 2700 οἱ
689 2636 750 2719 μὲν
761 2631 925 2716 Ἀλκαίου,
942 2637 974 2699 οἱ
986 2636 1022 2699 δὲ
1034 2640 1209 2719 Σαπφοῦς.
1234 2637 1296 2700 οὐκ
1311 2637 1381 2701 ἔστι

183 2749 238 2830 δέ,
254 2749 323 2812 ἀλλ’
340 2748 377 2812 έν
391 2758 460 2825 τοῖς
474 2745 657 2833 Πραξίλλης
671 2749 806 2830 φέρεται
821 2750 1015 2830 παροινίοις.
1041 2766 1101 2828 quo
1119 2766 1155 2811 ex
1171 2747 1237 2812 loco
1249 2752 1381 2830 apparet

190 2877 253 2924 non
275 2859 397 2924 diversa
422 2859 596 2923 carminum
630 2876 745 2941 genera
774 2857 871 2922 fnisse
899 2861 1057 2940 παροίνια
1080 2863 1112 2922 et
1135 2856 1271 2939 σκολιά,
1303 2879 1379 2925 uam

156 2951 158 2956 ⁵
182 2972 274 3055 ·quod
288 2971 514 3053 Aristophanes
542 2971 610 3053 ipsc
632 2970 780 3035 distincte
807 2970 948 3035 nominat
970 2964 1122 3049 σκολιόν,
1157 2973 1376 3054 depromptum

190 3084 240 3148 est
263 3103 280 3147 e
302 3083 458 3148 Praxillae
488 3081 678 3147 carminibus
707 3082 931 3147 convivalibus.
966 3082 1072 3164 itaque
1103 3085 1189 3147 recte
1219 3083 1255 3147 Β.
1285 3081 1380 3148 Stark

193 3194 386 3277 (Quaestion.
404 3195 590 3260 Anacreont.
613 3193 690 3258 libri
706 3192 775 3257 duo.
792 3195 875 3276 Lips.
894 3193 978 3258 1846
993 3214 1023 3275 p.
1041 3194 1073 3274 8)
1093 3194 1203 3258 contra
1218 3193 1379 3277 Ilgenium

183 3307 265 3373 ‘haec
288 3308 476 3388 disputavit:
493 3301 590 3388 ‘quod
607 3305 746 3388 Ilgenins
764 3304 850 3369 aliud
867 3323 965 3389 genus
977 3305 1152 3370 carminum
1167 3305 1377 3370 convivalium

189 3417 322 3497 σκολιά,
357 3419 441 3485 aliud
474 3420 632 3502 παροίνια
666 3419 860 3498 putaverit„
886 3466 894 3483 .
920 3474 926 3485 .
951 3467 959 3482 .
999 3417 1032 3481 id
1065 3416 1153 3481 nulla
1187 3416 1378 3498 scriptorum

189 3531 378 3598 auctoritate
407 3531 530 3596 nititur.
575 3532 705 3614 apparet
734 3530 819 3595 enim
846 3532 1002 3613 παροίνια
1037 3528 1116 3591 nihil
1150 3529 1244 3605 aliud,
1282 3546 1378 3610 quam

182 3645 334 3709 'universe
367 3642 505 3707 carmina
539 3641 622 3706 inter
656 3642 787 3725 scyphos
818 3641 942 3705 cantata
977 3639 1209 3721 significavisse,
1244 3656 1378 3721 qnorum

188 3755 308 3840 species
330 3755 449 3819 fuerint
471 3751 618 3818 σκολιοί’.
1421 3826 1424 3831 ¹

183 3903 188 3911 ·
293 3865 350 3932 Sed
373 3866 437 3929 iam
460 3862 633 3942 redeamus,
658 3864 741 3928 unde
764 3864 827 3928 orsi
849 3852 965 3929 sumus.
988 3882 1059 3927 oum
1075 3862 1159 3926 enim
1177 3862 1240 3926 iam
1256 3864 1377 3929 constet

189 3977 287 4044 scolis
309 3977 405 4045 fuisse
429 3978 569 4043 carmina
592 3976 782 4052 convivalia,
816 3975 1105 4059 circumspiciamus
1129 3977 1267 4056 oportet,
1296 3992 1376 4057 quae

188 4092 364 4156 carminum
386 4108 501 4173 genera
529 4087 563 4151 in
594 4087 746 4152 conviviis
770 4088 895 4153 cantata
918 4087 998 4152 sint:
1033 4086 1182 4151 seiunctis
1212 4090 1295 4150 enim
1324 4085 1375 4165 iis,

189 4220 269 4286 quae
296 4204 402 4285 aperte
433 4199 602 4266 scoliornm
635 4199 700 4264 vim
731 4219 767 4265 ac
789 4203 934 4265 naturam
963 4199 1091 4282 prodere
1125 4215 1187 4261 non
1218 4196 1376 4279 videntur,

189 4313 321 4379 fortasse
347 4312 436 4379 nohis
459 4312 634 4396 continget,
668 4310 811 4376 nicerte
834 4311 987 4394 possimus
1018 4308 1163 4386 definire,
1197 4325 1275 4391 quae
1288 4392 1292 4397 .
1305 4325 1373 4374 oar-

188 4425 276 4492 mina
298 4427 363 4492 sint
385 4426 494 4491 scolia.
