3120 4966
671 314 886 377 „30-

289 503 437 571 Diversae
479 519 600 586 quoque
632 501 798 568 scoliorum
833 500 968 566 nominis
1002 502 1207 585 etymologias
1240 503 1373 569 Ioannes

184 619 313 685 Tnetnes
342 616 377 680 in
400 616 553 692 carmine,
583 613 633 679 cni
656 612 839 679 inscribitur
860 615 975 698 ἴαμβοι
997 616 1140 698 τεχνικολ
1161 615 1237 697 περὶ
1258 638 1374 705 κωμςο-

183 730 258 806 δίας
266 725 321 814 ¹⁰),
345 727 456 794 attulit
477 726 552 791 inde
574 745 592 791 a
614 746 644 792 v.
667 724 710 790 82
744 723 842 807 usque
871 725 910 790 ad
933 744 964 790 v.
988 724 1038 791 92.
1069 743 1145 808 quos
1169 744 1275 792 uersus
1299 726 1373 804 iam,

185 860 224 907 ne
246 841 359 909 multis
381 841 453 905 utar
475 837 509 902 in
532 835 695 903 referendo
718 835 831 914 verbis,
855 839 938 902 totos
961 837 1150 902 exscribam:

372 979 529 1061 σκαμβῶν
550 975 618 1059 μετ’
636 976 721 1040 αὐτὰ
735 985 812 1040 νῦν
822 977 931 1056 μελῶν
946 978 1063 1058 κλῆσιν
1085 973 1182 1059 μάθε.

372 1093 523 1174 λέγοντες
543 1078 630 1173 ἦσαν
652 1099 756 1154 ταῦτα
778 1100 906 1173 καιροῖς
927 1097 995 1152 τῶν
1015 1089 1136 1152 πότων.
1255 1140 1258 1144 Α

371 1203 502 1285 σκαμβὰ
525 1201 554 1265 δ’
571 1201 720 1285 ἔφασκον
743 1200 788 1278 ὡς
810 1203 897 1266 ἁπλοῖ
918 1203 1044 1284 μᾶλλον
1064 1196 1158 1263 τάδε·

371 1317 465 1380 ἄλλοι
487 1315 524 1378 δέ
546 1328 660 1395 φασιν,
684 1311 729 1388 ὡς
751 1313 934 1396 ἀναγκαῖον
956 1314 1070 1387 πότοις

372 1423 466 1513 ᾄδειν
488 1425 614 1509 ὑπῆρχε
635 1425 718 1508 πρὸς
740 1426 939 1507 ψαλάγματα
960 1425 1080 1508 λύρας·

371 1543 463 1614 ὅσοις
485 1537 564 1619 ἕνην
586 1538 623 1600 δὲ
645 1538 804 1620 μηδαμῶς
825 1538 929 1620 λύρας
950 1537 1057 1619 τέχνη,

372 1651 502 1733 δάφνης
523 1649 680 1731 λαβόντες
703 1651 766 1712 εἴτε
787 1650 951 1730 μυρσίνης
972 1648 1126 1728 κλάδους,

370 1752 453 1846 ᾖδον
474 1765 661 1836 καλοῦντες
675 1761 807 1842 σκαμβὰ
828 1761 869 1823 τὰ
890 1761 994 1844 λύρας
1014 1761 1111 1842 μέλη·
1162 1826 1165 1831 ,

371 1877 465 1938 ἄλλοι
487 1873 523 1936 δὲ
547 1875 626 1948 τοὺς
648 1869 791 1958 ᾅδοντας
812 1868 907 1936 εἶκον
929 1872 989 1954 τὴν
1011 1874 1118 1956 λύραν

370 1986 445 2068 οὐχὶ
466 1984 536 2048 κατ’
561 1984 659 2064 εὐθύ,
684 1993 889 2066 συστροφαῖς
912 1982 949 2046 δὲ
971 1986 1167 2065 λαμβάνειν·
1200 2034 1208 2047 .

372 2098 459 2160 οὕτω
481 2096 519 2160 τὸ
542 2096 659 2159 λοιπὸν
681 2097 798 2179 κλῆσιν
820 2095 893 2178 ἔσχε
915 2095 956 2158 τὰ
976 2096 1066 2178 μέλη.

288 2235 416 2300 Tnetzes
437 2233 537 2318 igitur
550 2232 663 2298 Suidae
685 2232 875 2297 sententiam
900 2233 937 2296 de
959 2230 1129 2297 scoliorum
1152 2234 1277 2297 nomios
1301 2252 1368 2298 am·

182 2349 291 2432 plexus
314 2350 376 2424 est,
406 2363 596 2427 quamquam
619 2345 653 2409 in
676 2362 710 2408 eo
735 2345 865 2421 erravit,
890 2343 970 2426 qnod
994 2344 1146 2409 vocabulo
1169 2347 1314 2428 σκαμβός
1336 2345 1370 2408 in

182 2479 220 2525 ea
241 2478 274 2524 re
298 2456 479 2539 explicanda
501 2474 575 2521 usus
598 2459 661 2540 est;
695 2475 769 2520 nam
797 2458 946 2540 σκαμβόν
974 2474 1036 2521 non
1067 2457 1172 2544 eodem
1197 2457 1288 2523 modo
1311 2475 1370 2539 quo

182 2572 319 2635 σκολιόν
335 2589 426 2634 sensu
442 2568 593 2634 translato
609 2571 657 2633 est
670 2567 798 2632 difficile
817 2568 1018 2650 (δύσκολον),
1036 2586 1131 2649 quain
1142 2568 1180 2633 ob
1194 2587 1260 2632 rem
1271 2587 1370 2651 neque

183 2683 254 2748 κατ’
281 2684 482 2766 ἀνιίφρασιν
511 2680 573 2745 (lici
595 2681 717 2762 poterat
740 2682 870 2763 σκαμβα
891 2698 947 2761 pro
972 2681 1068 2745 ἁπλᾶ.
1106 2683 1226 2763 praeter
1250 2699 1286 2746 ea
1314 2680 1372 2746 hoc

184 2795 249 2861 loco
268 2794 429 2859 Plutarchi
447 2798 477 2857 et
494 2791 677 2858 Dicaearchi
692 2793 950 2857 commemoravit
965 2791 1093 2887 'lacteos
1110 2793 1291 2861 sententias.
1315 2811 1370 2858 cur
1451 2802 1453 2806 '

182 2908 290 2971 autem
317 2906 394 2970 haec
427 2905 567 2969 earmina
602 2907 732 2987 σκαμβά
766 2903 986 2985 appellaverit:
1021 2905 1127 2968 utrum
1158 2904 1255 2969 seclia
1284 2904 1367 2969 anti·

181 3018 290 3100 quitus
317 3017 374 3081 hoc
396 3016 564 3081 habuerint
586 3034 699 3080 nomen
722 3034 763 3079 an
785 3016 912 3080 Tzetzes
942 3015 975 3079 id
1001 3018 1126 3098 propter
1150 3018 1240 3081 metri
1271 3016 1368 3081 retio-

62 3116 65 3121 ’
183 3148 257 3194 nem
275 3129 371 3193 solam
389 3127 575 3208 adhibuerit,
598 3128 681 3192 haud
703 3125 831 3191 difficile
854 3129 903 3192 est
922 3127 1022 3204 dictu;
1046 3146 1120 3192 nam
1144 3146 1214 3192 cnm
1231 3128 1369 3193 hocloco

184 3242 310 3322 excepto
343 3238 437 3304 scolia
466 3256 621 3321 nusquam
642 3239 773 3322 σκαμβά
795 3238 1010 3320 appellentur,
1045 3237 1268 3304 verisimilius
1303 3256 1368 3303 esse

182 3351 307 3416 videtur
330 3331 472 3416 Taetzem
494 3352 599 3432 ipsum
623 3350 681 3415 hoc
704 3367 834 3429 nomen,
869 3369 942 3415 oum
963 3352 1113 3434 σκαμβόυ
1143 3351 1273 3415 eandem
1304 3351 1368 3415 vim

182 3463 311 3528 haberet
334 3465 527 3528 neccoloco
552 3461 607 3546 (cf.
627 3461 762 3546 Hesyoh.
786 3481 810 3526 s.
834 3481 864 3526 v.
888 3465 1021 3526 σκολιά·
1045 3463 1206 3546 σκαμβα),
1240 3463 1368 3545 praetu-

182 3575 256 3640 lisse
277 3579 385 3656 utpote
407 3575 447 3639 ad
471 3593 578 3640 versus
602 3593 678 3657 quos
700 3574 858 3659 pangebat
881 3576 1158 3639 accommodatum.

285 3689 354 3753 Iam
370 3685 465 3751 habes
480 3705 587 3751 omnes
602 3688 745 3752 veterum
768 3686 864 3768 leoco,
888 3685 1012 3768 quitur,
1036 3683 1118 3750 unde
1134 3683 1286 3769 originem
1301 3686 1364 3750 tra·
1440 3706 1443 3711 ·

180 3800 262 3866 uerit
296 3800 463 3865 scoliorum
497 3818 627 3880 nomen,
662 3798 857 3884 euplicetur.¹
892 3816 974 3862 nuno
1007 3798 1095 3862 brevi
1128 3797 1162 3861 in
1198 3800 1366 3879 conspectu

183 3957 386 3967 ....-.--———

288 4042 320 4108 ¹⁹)
339 4039 453 4093 Tzetaae
471 4053 576 4092 carmen
595 4040 683 4092 exstat
701 4038 731 4092 iu
749 4037 838 4092 tribus
856 4035 1004 4091 codicibus:
1024 4035 1081 4091 eod.
1098 4035 1186 4091 Paris.
1205 4035 1271 4104 Reg.
1291 4039 1366 4100 2644,

179 4152 213 4190 ex
231 4151 283 4204 quo
301 4135 403 4189 editum
423 4137 466 4188 est
484 4150 500 4186 a
517 4131 659 4186 Duebnero
678 4131 723 4201 (cf.
742 4132 811 4186 Mus.
830 4131 915 4186 Rhen.
937 4134 1003 4184 1836
1021 4147 1047 4200 p.
1068 4136 1118 4185 164
1137 4147 1175 4200 sq.
1195 4132 1224 4184 et
1241 4129 1365 4199 prolegg.

182 4232 215 4285 ad
237 4231 320 4285 schol.
340 4229 478 4298 Aristoph.
496 4246 521 4298 p.
543 4226 619 4282 XXV
640 4229 691 4296 sq.)
710 4229 738 4281 et
761 4226 898 4280 codicibus
924 4226 1085 4282 Berocoiano
1110 4229 1138 4282 et
1160 4225 1366 4294 Meermaniano‚

73 4381 77 4385 ,
179 4339 248 4394 quos
267 4325 385 4379 excussit
403 4325 510 4379 Cramer
530 4323 640 4392 (Anecd.
659 4323 740 4378 Oxou.
760 4322 805 4376 III
823 4338 848 4390 p.
868 4326 919 4374 334
938 4323 1016 4390 sqq.).
