3120 4966
676 350 885 416 ..58-

440 539 605 621 ἀνάσιμον
627 539 647 621 ἢ
670 541 907 623 πρεσβυτέραν·

439 651 480 715 οὐ
503 653 566 735 γὰρ
590 651 771 734 ἀνασχετὸν
794 652 892 715 τοῦτό
914 646 1123 738 γ’ἐλενθὲρῳ.

185 816 222 880 de
245 817 345 880 metro
368 815 434 896 ipso
453 811 487 878 O.
512 811 547 878 0.
572 813 716 890 Mueller,
747 812 832 877 Hist.
856 812 921 878 litt.
946 810 1055 877 Graec.
1078 809 1110 876 1³
1131 811 1193 876 317
1216 812 1286 879 adn.
1312 813 1375 877 120

186 927 231 991 sic
254 924 443 1010 disputavit:
460 919 534 991 ‘Die
551 923 846 1008 Hendehasyllabeu
870 924 1025 1007 beginnen
1047 923 1106 988 mit
1122 925 1206 990 einer
1222 926 1372 1008 gewissen

184 1035 454 1121 Bequemlichheit
477 1037 540 1101 und
556 1035 759 1116 Sohlaffheit;
783 1037 856 1100 aber
877 1036 937 1099 mit
961 1036 1032 1099 dem
1056 1036 1173 1100 dritten
1189 1035 1286 1101 Verso
1301 1037 1375 1101 tritt

184 1149 283 1215 durch
306 1148 366 1213 den
388 1147 629 1229 anapestisehen
653 1147 797 1230 Eingang
826 1148 876 1211 ein
898 1146 1054 1213 lebhafter
1075 1148 1292 1232 Aufschwung
1313 1148 1377 1225 ein,

184 1261 239 1325 der
261 1260 295 1324 in
319 1261 391 1324 dem
413 1259 619 1342 anmuthigen
641 1258 741 1323 Paare
764 1258 999 1341 logaoedischer
1021 1260 1141 1325 Reihen
1163 1259 1208 1324 im
1231 1258 1375 1326 Schluss·

183 1391 270 1438 verse
294 1372 360 1437 sich
382 1371 415 1436 in
438 1375 488 1436 ein
510 1371 639 1436 sehbnes
663 1368 906 1454 Gleiehgewieht
928 1369 1118 1439 sehauhelt'.
1153 1372 1265 1456 quibus
1295 1371 1375 1438 adde

185 1503 264 1566 quae
304 1485 343 1549 R.
384 1482 550 1565 Westphal
592 1481 728 1566 (Metrik
769 1479 822 1545 ΙΙῃ
866 1483 947 1564 774)
995 1482 1184 1566 disputavit:
1229 1477 1282 1547 ‘In
1319 1483 1374 1547 der

184 1596 304 1660 tlteren
330 1593 559 1676 Skolienpoesie
588 1593 692 1658 wurde
719 1595 785 1658 eine
813 1596 872 1658 mit
900 1595 920 1658 2
946 1593 1139 1660 Phalaeoeen
1174 1594 1371 1679 beginnende

188 1703 439 1772 tetrastichische
455 1704 598 1788 strophe,
623 1706 673 1769 die
689 1705 948 1770 wahrscheinlich
964 1706 1022 1770 auf
1034 1705 1084 1770 die
1106 1706 1260 1773 lesbische
1276 1705 1375 1790 Lyrilr

186 1819 260 1883 oder
275 1819 440 1883 Anahreon
464 1816 732 1882 auruchnuhihren
755 1819 794 1881 ist
811 1838 849 1881 au
865 1818 949 1882 einer
963 1819 1011 1882 oft
1027 1819 1246 1884 wiederholten
1261 1819 1372 1883 Form:

188 1930 247 1996 Die
270 1950 367 2013 ganne
383 1929 514 2015 Strophe
538 1931 580 1995 ist
602 1928 839 2013 eurhythmisch
862 1931 930 1995 eine
948 1930 1151 2014 Verbindung
1166 1948 1226 1996 von
1244 1932 1264 1996 2
1279 1932 1374 1995 hexa-

183 2041 359 2127 podischen‚
389 2042 633 2127 ddipodischen
664 2044 728 2108 und
758 2042 778 2105 2
807 2042 1174 2136 braohphatalehtischen
1201 2043 1374 2126 tetrapodi·

185 2157 279 2221 schen
302 2152 447 2220 Reihen'.
474 2155 551 2220 haec
573 2154 671 2239 igitur
694 2154 828 2219 Mueller
850 2156 881 2220 et
896 2155 1070 2236 Westphal.
1095 2156 1151 2220 sed
1173 2154 1237 2221 iam
1260 2172 1374 2238 quaeso
1427 2228 1429 2232 ,

185 2267 324 2333 conferas
358 2267 513 2331 Athenaei
548 2266 639 2349 (XIV
674 2266 737 2332 625
771 2263 806 2346 O)
842 2266 956 2346 locum,
995 2284 1031 2330 ex
1068 2284 1128 2348 quo
1166 2268 1374 2349 comperimus

124 2397 127 2403 ·
183 2379 388 2464 Pythormum
411 2378 550 2462 primum
572 2377 751 2443 adhibuisse
775 2379 916 2442 modulos
930 2377 1053 2442 Ionicos
1075 2395 1188 2461 eosque
1212 2379 1242 2442 in
1266 2379 1373 2444 scoliis

184 2490 415 2572 componendis:
444 2492 534 2573 ’φασὶ
564 2490 601 2553 δὲ
625 2493 809 2573 Πύθερμον
837 2492 896 2554 τὸν
930 2493 1031 2572 Τήιον
1063 2489 1099 2554 ἐν
1128 2495 1171 2577 τῷ
1201 2492 1290 2572 γένει
1318 2501 1376 2575 τῆς

185 2604 345 2688 ἁρμονίας
379 2603 467 2688 αὐτῷ
501 2604 610 2690 τούτῳ
648 2600 728 2683 (soil.
762 2606 805 2689 τῷ
837 2597 936 2664 Ἰαστὶ
969 2601 1070 2685 γένει)
1103 2612 1239 2686 ποιῆσαι
1276 2607 1376 2666 σκαιὰ

189 2717 317 2797 (σκολιά
333 2713 473 2778 rest'tuit
488 2711 702 2797 Oasaubonus)
720 2715 815 2795 μέλη·
839 2715 894 2776 καὶ
910 2712 966 2776 διὰ
987 2713 1024 2776 τὸ
1047 2710 1132 2777 εἶναι
1154 2714 1212 2777 τὸν
1234 2714 1376 2797 ποιητὴν

181 2821 330 2890 Ἰωνικὸν
348 2820 448 2888 Ἰαστὶ
470 2828 635 2909 κληθῆναι
658 2824 718 2906 τὴν
741 2824 917 2909 ἁρμονίαν.
952 2824 1116 2907 Pythermi
1138 2824 1249 2889 deinde
1273 2826 1376 2892 Athe-

184 2957 280 3002 naeus
304 2935 528 3001 commemorat
551 2954 676 3000 versum
700 2936 795 2999 hunc:
1348 2948 1351 2953 ‘

433 3107 534 3170 οὐδὲν
555 3097 597 3189 ἦν
621 3112 685 3192 ἄρα
707 3111 808 3170 τᾶλλα
830 3107 916 3190 πλὴν
939 3108 956 3171 ὁ
978 3110 1109 3192 χρυσός.

185 3278 239 3360 qui
253 3297 361 3344 versus
378 3278 509 3343 eandem
523 3278 658 3343 formam
674 3278 836 3345 metricam
854 3280 992 3361 praebet,
1016 3298 1109 3363 quam
1125 3279 1280 3345 tredecim
1295 3299 1374 3363 quae

185 3392 357 3475 sequuntur
378 3392 411 3454 in
434 3390 568 3456 editione
591 3388 766 3472 Berghiana
781 3391 885 3471 scolia,
910 3410 970 3474 qua
993 3393 1030 3457 de
1053 3410 1146 3456 cansa
1167 3392 1265 3457 iustae
1287 3393 1374 3458 locus

188 3508 236 3568 est
258 3502 427 3586 suspicioni
449 3502 526 3567 haec
549 3502 645 3567 scolia
668 3503 773 3595 omnia
799 3503 937 3568 modulis
960 3503 1072 3568 Ionicis
1103 3503 1268 3569 decantata
1297 3522 1374 3570 esse.

187 3632 266 3697 quae
289 3615 316 3678 si
338 3632 414 3679 vera
437 3615 520 3692 sunt,
545 3617 613 3678 tum
636 3633 697 3678 non
722 3614 905 3679 eLesbiaca
927 3615 1013 3696 poesi
1034 3615 1111 3679 haec
1134 3616 1262 3699 stropha
1284 3635 1374 3699 repe·

185 3727 281 3791 tenda
296 3728 355 3805 est,
377 3725 409 3791 id
433 3725 514 3808 quod
531 3725 699 3807 Westphal
715 3726 736 3789 l.
755 3742 781 3789 o.
805 3727 992 3808 suspicatur,
1016 3726 1070 3792 sed
1093 3745 1129 3790 ex
1151 3727 1264 3793 Ionum
1278 3728 1373 3810 poesi,
1497 3711 1500 3716 ¹

187 3839 268 3921 quod
292 3839 390 3903 altero
413 3837 482 3902 loco
504 3838 587 3902 idem
610 3838 732 3915 statuit,
757 3856 946 3920 quamquam
969 3858 1024 3921 pro
1046 3839 1246 3903 Anacreonte
1269 3839 1373 3922 potius

185 3949 392 4032 Pythermum
414 3948 506 4013 huius
530 3949 676 4031 strophae
699 3949 860 4014 auctorem
883 3949 994 4014 afferre
1017 3950 1159 4029 debebat,
1184 3968 1276 4032 quem
1300 3952 1373 4016 ante

184 4063 412 4128 Anacreontem
437 4060 549 4124 vixisse
557 4058 597 4144 98)
622 4060 783 4143 probabile
807 4064 862 4125 est.

287 4364 318 4432 ²⁸)
337 4362 389 4429 Ch,
411 4377 479 4431 quae
497 4361 531 4416 de
550 4361 599 4415 hac
619 4376 648 4415 re
666 4361 744 4429 paulo
764 4359 837 4416 inira
855 4359 1066 4430 disputabimus.
1097 4436 1099 4439 .
