3120 4966
676 337 887 403 ..45-

186 523 294 588 11111111
310 527 363 589 der
379 523 576 589 alkaeisehen
589 523 653 587 und
670 524 750 588 auch
765 523 820 588 der
835 523 1112 589 anahreontischen
1128 524 1278 591 Gedichte
1293 523 1374 609 gibt,

185 636 242 701 (111
258 635 346 699 nicht
362 634 408 700 111
424 632 550 700 Skolion
572 654 733 720 gesungen
755 636 859 700 vvurde
882 637 947 700 und
969 635 1181 720 gelegentlich
1205 637 1286 702 auch
1308 639 1375 703 ein·

186 747 250 812 mal
280 747 331 812 ein
355 746 482 812 Skolion
505 748 644 839 genennt
668 743 791 811 wurde’.

295 910 374 975 Tota
402 910 499 995 igitur
528 912 628 994 poesis
657 911 791 979 melica.
832 911 866 974 in
896 929 955 993 qua
987 913 1123 993 primum
1154 915 1240 976 varia
1271 917 1374 980 metra

186 1022 277 1087 variis
303 1022 403 1087 modis
424 1025 463 1087 ad
479 1022 616 1089 citharae
632 1043 743 1089 sonum
767 1026 1002 1090 accommodata
1017 1023 1258 1106 adhibebantur,
1281 1027 1373 1091 initio

184 1133 353 1215 spoliorum
368 1135 492 1200 nomine
508 1135 686 1220 significata
702 1155 769 1202 esse
784 1135 922 1201 videtur.
947 1137 1030 1218 quod
1053 1154 1165 1202 nomen
1186 1142 1372 1221 usurpatum

184 1249 241 1324 est,
264 1245 338 1328 quia
361 1250 469 1311 contra
486 1251 660 1312 metrorum
676 1247 904 1331 dactylicorum
927 1248 959 1311 in
975 1248 1061 1332 poesi
1076 1267 1164 1313 11111
1179 1248 1371 1314 usitatorum

81 1350 84 1355 ’
183 1357 378 1442 rigiditatem
401 1362 512 1443 νόμος,
536 1361 571 1423 11
589 1359 748 1424 1111111111
771 1360 843 1424 1111
862 1358 978 1436 verbis,
1002 1363 1158 1436 ποικίλως
1180 1360 1373 1426 ἐσκολιοῦτο

186 1469 219 1533 11
249 1469 440 1535 carminibus
467 1471 673 1553 popularibus
709 1472 741 1535 et
774 1470 1010 1548 convivalibus,
1052 1456 1085 1536 in
1117 1472 1231 1555 quibus
1263 1473 1372 1555 primis

184 1581 306 1646 eithara
333 1599 388 1662 per
410 1584 514 1646 totum
538 1585 666 1647 cantum
689 1582 890 1666 pulsabatur,
921 1583 952 1646 id
976 1584 1056 1666 quod
1081 1584 1178 1648 metro
1203 1583 1370 1649 maximam

183 1692 403 1773 suppeditabat
425 1694 620 1758 varietatem.
656 1696 714 1758 1111
736 1694 835 1775 igitur
859 1697 948 1759 modo
972 1697 1113 1760 carmina
1141 1697 1236 1760 variis
1267 1695 1374 1762 metris

186 1807 362 1887 composita
384 1809 473 1885 sunt,
496 1824 575 1888 quae
599 1805 737 1887 primum
761 1804 857 1871 scolia
880 1806 1133 1884 nominabantur,
1158 1807 1239 1891 quod
1262 1825 1374 1872 nomen

184 1919 314 1999 postea,
352 1936 424 1982 cum
452 1919 554 2001 poesis
583 1919 695 1983 melica
716 1919 819 2001 magis
842 1918 1006 2002 magisque
1029 1920 1220 1984 excoleretur
1252 1924 1284 1984 et
1312 1921 1375 1985 alia

186 2044 306 2109 quoque
323 2029 461 2094 carmina
484 2047 520 2093 ac
543 2028 719 2094 convivalia
740 2030 851 2095 melice
874 2034 1141 2111 componerentur,
1165 2049 1226 2095 non
1247 2051 1390 2118 prorsus,

188 2139 332 2218 evanuit,
363 2141 416 2204 sed
445 2160 506 2205 non
535 2141 669 2225 amplius
704 2145 804 2206 totam
833 2143 952 2222 poesim
983 2140 1128 2206 melicam
1163 2141 1371 2224 significabat.

186 2253 356 2331 permansit
372 2253 456 2318 enirn
478 2273 589 2318 nomen
605 2253 638 2317 in
655 2253 869 2319 vetustissimo
884 2254 1102 2318 tantummodo
1120 2254 1223 2334 poesis
1240 2254 1371 2319 melicae

184 2381 319 2446 genere,
355 2364 544 2429 carminibus
568 2363 795 2429 convivalibus.
831 2383 909 2446 quae
939 2383 1009 2428 cum
1032 2365 1078 2429 ita
1107 2365 1191 2443 sint,
1227 2365 1370 2430 veritatis

183 2479 326 2540 umbram
349 2477 382 2541 in
406 2477 563 2541 Eustachii
599 2477 740 2561 detegere
763 2478 863 2558 possis
892 2477 993 2541 verbis
1028 2495 1122 2558 supra
1156 2479 1220 2541 iam
1250 2477 1371 2541 allatis:

184 2590 310 2664 (σκόλια
328 2591 466 2670 λέγεται)
481 2585 564 2651 κατά
586 2611 660 2651 τινα
676 2590 866 2671 μελοποιίας
881 2589 998 2669 νόμον,
1020 2589 1057 2664 ὃς
1069 2588 1123 2652 οἷα
1136 2588 1223 2664 εἰκὸς
1238 2590 1278 2651 οὐ
1291 2590 1374 2672 πρὸς
1444 2572 1446 2579 ‚

183 2699 270 2764 abab
294 2698 448 2781 ἐμέλπετο
472 2700 730 2783 unicorniorum,
754 2701 836 2764 ἀλλὰ
855 2701 1014 2774 ποικίλως
1037 2698 1239 2765 ἐσκολιοῦτο.
1263 2718 1371 2781 quam·

184 2828 277 2893 quam
301 2809 390 2875 1111
426 2809 824 2887 111111111111111111111,
861 2810 943 2893 quod
966 2812 1090 2875 111111
1119 2813 1253 2894 quodam
1282 2811 1372 2874 modo

183 2922 301 2987 musico
330 2922 435 2987 scoliis
464 2941 577 2988 nomen
605 2903 789 3006 impositum
826 2941 893 2987 esse
921 2921 1009 2986 dixit.
1046 2941 1144 3004 neque
1174 2923 1258 2986 enim
1288 2923 1373 2988 certo

183 3033 319 3116 quodam
344 3034 435 3098 modo
459 3032 631 3117 composita
660 3038 748 3098 erant
776 3034 872 3097 scotia
895 3033 954 3110 ita,
987 3034 1023 3099 ut
1047 3033 1085 3097 ab
1110 3052 1144 3098 eo
1166 3052 1278 3098 nomen
1301 3052 1372 3115 pro·

184 3144 303 3210 foetum
328 3164 393 3211 esse
416 3147 553 3223 statuas,
578 3145 632 3209 sed
655 3164 762 3214 omnes
785 3147 885 3227 poesis
907 3145 1038 3210 melicae
1060 3145 1146 3210 modi
1169 3145 1262 3210 initio
1285 3146 1373 3210 vide-

181 3257 296 3323 bantur
319 3277 386 3323 1111
408 3259 525 3340 obliqui
548 3260 720 3340 (σκολιοί),
750 3257 833 3339 quod
856 3276 970 3322 nornen
992 3258 1109 3322 mansit
1132 3257 1372 3340 antiquissimae

181 3370 267 3452 poesi
294 3371 423 3436 melicae
458 3371 479 3435 i.
503 3390 529 3435 e.
559 3370 748 3436 carminibus
772 3369 918 3434 hoolicis.
950 3370 1091 3434 carmina
1114 3372 1220 3434 autern
1245 3369 1373 3434 Aeolica

183 3482 358 3564 antiquitus
382 3486 471 3546 erant
495 3480 685 3558 convivalia,
714 3499 773 3561 quo
796 3480 916 3545 facturn
941 3485 1001 3558 est,
1037 3484 1073 3544 ut
1096 3481 1194 3545 scolia
1215 3480 1313 3544 etiam
1337 3481 1370 3543 in

184 3594 344 3676 posterum
366 3593 580 3677 significarent
603 3592 742 3657 carmina
765 3592 949 3656 convivalia.

290 3765 323 3832 Si
340 3766 419 3831 forte
443 3767 512 3848 quis
536 3767 683 3841 miretur,
708 3767 790 3849 quod
806 3767 885 3831 inter
901 3765 1067 3848 poetarum
1083 3763 1281 3829 Aeolicorum
1296 3762 1371 3828 reli-

182 3878 271 3959 quias
296 3878 391 3943 etiam
413 3877 594 3960 hymenaei,
623 3878 843 3961 epithalamia,
868 3877 930 3941 1111
953 3877 1163 3961 reperiantur,
1189 3894 1267 3958 quae
1289 3877 1372 3940 certo

181 3992 219 4054 ad
242 3990 360 4072 poesim
389 3990 583 4055 convivalem
611 4008 672 4054 non
700 3990 876 4073 pertinent,
911 3989 938 4053 ei
964 3991 1174 4071 reputandum
1211 3990 1259 4051 est
1282 3987 1370 4050 nobis

181 4100 361 4185 fragmenta
388 4101 513 4167 servata
542 4119 606 4165 csse
632 4118 740 4166 eorum
762 4102 890 4165 tantum
912 4103 1091 4183 poetarum,
1129 4117 1261 4180 quorum
1291 4099 1371 4162 tem-

182 4213 309 4295 poribus
331 4211 435 4294 poesis
458 4210 585 4277 Aeolica
614 4212 679 4277 iam
708 4215 773 4277 erat
801 4212 926 4280 exculta
954 4231 989 4277 ac
1011 4211 1149 4294 perlecta
1181 4209 1233 4288 (cf.
1268 4210 1371 4274 Bode

180 4323 212 4387 Il
235 4324 256 4388 2
278 4343 309 4406 p.
329 4324 417 4405 379).
441 4327 510 4387 tum
533 4325 614 4388 enim
640 4341 700 4388 non
724 4323 862 4405 amplius
886 4323 959 4387 satis
982 4320 1142 4386 habebant
1165 4321 1277 4385 Aeoles
1302 4318 1370 4386 car·
