3120 4966
776 293 989 358 ..20-

284 485 315 549 id
348 483 567 550 tantummodo
602 485 743 566 egerunt,
776 484 812 549 ut
846 482 1094 566 distingueretur
1123 483 1270 549 carminis
1301 484 1475 551 convivalis

282 613 394 660 nomen
426 594 466 659 ab
500 593 654 659 adieetivo
688 596 834 671 σκολιόςε
870 613 930 677 qua
960 595 998 659 de
1025 613 1059 660 re
1088 595 1266 660 conferatur
1289 596 1475 663 Eustathius

282 726 312 789 p.
338 706 431 785 1574,
458 707 513 772 12:
543 708 658 770 σκόλια
684 706 721 769 δὲ
743 708 842 771 τοῦτό
865 728 899 770 τε
922 708 978 769 καὶ
999 701 1065 770 κατ’
1092 705 1175 771 αὐτὸ
1198 710 1325 790 λέγεται
1348 712 1391 794 τῷ
1415 710 1478 792 μὲν

234 834 236 838 “
283 820 369 908 τόνῳ
392 819 475 902 πρὸς
498 818 676 900 διαστολὴν
699 827 759 882 τοῦ
783 827 905 894 κοινῶς
926 820 1061 882 σκολιοῦ
1085 818 1311 903 ἢπμάμμοιτος
1325 819 1345 901 ἢ
1361 823 1475 903 λόγου.

258 916 367 996 ¹huno
396 928 496 995 secuti
525 930 598 994 sunt
626 928 837 1012 lexicographi
865 930 1062 1009 recentiores,
1093 930 1192 995 veluti
1222 931 1256 995 L.
1281 930 1418 995 Dindorf
1442 933 1477 996 in

284 1043 441 1108 Thesauro
464 1058 489 1104 s.
513 1058 543 1104 v.
567 1042 701 1106 σκόλιον
719 1044 750 1105 et
765 1039 799 1106 O.
815 1041 899 1121 Keil,
922 1039 977 1123 qui
999 1040 1033 1105 in
1055 1042 1164 1123 quinta
1185 1040 1278 1106 lexiei
1292 1041 1475 1107 Passoviani

283 1153 418 1220 editione
440 1172 470 1235 p.
497 1151 582 1217 1460
602 1171 626 1216 s.
650 1151 682 1220 h.
704 1167 733 1216 u.
757 1151 833 1216 haec
856 1151 948 1218 dixit:
974 1147 1049 1217 ‘Die
1076 1152 1218 1236 gemeine
1241 1153 1411 1238 Betouung
1432 1155 1477 1218 ist

283 1268 427 1346 σκολιόν,
458 1263 508 1328 die
536 1281 690 1346 genauore
718 1266 781 1328 und
809 1262 978 1346 richtigere
1007 1263 1062 1328 der
1092 1263 1202 1328 besten
1231 1264 1476 1330 Handsohriiten

284 1381 419 1443 σκόλιον
452 1377 514 1459 vgl.
545 1375 637 1459 Ilgen
670 1394 701 1457 p.
729 1374 913 1440 LXXXIV!
942 1378 975 1439 at
1003 1375 1103 1458 Ilgen,
1138 1393 1231 1457 quem
1264 1374 1372 1441 laudat
1402 1376 1477 1443 Keil

284 1490 324 1555 ad
353 1487 543 1553 sententiam
577 1504 668 1551 suam
703 1486 955 1570 confirmandam,
989 1504 1116 1568 prorsus
1145 1488 1336 1551 contrarium
1365 1489 1478 1554 statuit

285 1622 315 1685 p.
343 1599 489 1667 LXXXV
517 1599 566 1663 his
595 1616 670 1663 usus
699 1597 817 1664 verbis:
847 1593 923 1664 ‘Sed
957 1599 1016 1664 hae
1051 1599 1192 1682 argutiae
1220 1600 1297 1662 sunt
1324 1601 1478 1666 seriorum

286 1712 584 1798 grammaticorum
614 1709 770 1775 veteribus
800 1710 1007 1793 scriptoribus
1034 1711 1116 1776 illud
1140 1709 1309 1775 discrimen
1331 1712 1475 1797 ignotum

286 1824 368 1891 fuit'.
398 1845 461 1909 qua
483 1830 520 1893 de
542 1845 575 1890 re
598 1825 625 1890 is
648 1823 823 1890 rectissime
845 1823 1015 1901 iudicauit;
1040 1843 1113 1890 nam
1137 1847 1208 1892 oum
1231 1828 1354 1910 saepius
1381 1828 1476 1892 etiam

287 1936 410 2003 dicatur
439 1940 574 2003 σκολιὸν
603 1940 708 2021 μέλος,
743 1937 871 2019 apparet
898 1939 1032 2000 suetudo
1060 1955 1127 2001 esse
1157 1938 1303 2005 adiectiui
1331 1938 1476 2016 formam,

287 2049 352 2114 siue
374 2048 500 2114 additur
522 2051 620 2134 μέλος
642 2049 708 2114 siue
733 2047 900 2112 omittitur.
939 2047 1051 2113 deinde
1075 2049 1108 2115 id
1130 2052 1223 2115 etiam
1247 2050 1346 2134 possit
1368 2049 1473 2115 afferri

284 2162 515 2244 argumentum,
548 2162 630 2244 quod
660 2160 783 2237 Pollux,
818 2159 1005 2241 Hesychius,
1039 2160 1179 2241 Proolns,
1215 2161 1326 2228 Suidas
1360 2161 1475 2239 aliique

286 2272 487 2356 grammatici
515 2275 553 2338 de
581 2273 725 2338 accentus
755 2270 936 2336 discrimine
965 2272 1044 2336 nihil
1076 2273 1203 2338 omuino
1237 2274 1480 2352 adnotaverunt,

287 2401 380 2465 quarn
404 2385 443 2449 ob
464 2403 530 2449 rem
552 2384 665 2460 nescio,
689 2401 743 2448 our
764 2382 926 2448 Eustathii
948 2382 1166 2448 testimonium
1189 2385 1289 2468 pluris
1311 2385 1476 2466 faciamus,

288 2515 380 2579 quam
404 2497 577 2562 ceterorum
599 2495 875 2579 grammaticorum
897 2495 1067 2580 silentium,
1091 2497 1145 2579 qui
1167 2502 1259 2577 certe,
1283 2516 1353 2562 cum
1370 2514 1480 2561 omnes

287 2607 327 2672 ab
351 2608 504 2673 adiectivo
527 2611 658 2684 σκολιός
679 2608 772 2672 huius
799 2605 934 2673 nominis
964 2608 1116 2692 originem
1147 2610 1329 2691 repeterent,
1360 2608 1479 2672 mirum

286 2719 366 2785 illud
396 2709 541 2786 accentus
569 2719 737 2785 discrimen
767 2720 1012 2798 adnotarissent,
1043 2721 1070 2784 si
1099 2721 1225 2785 omnino
1254 2721 1317 2786 tale
1340 2720 1416 2803 quid
1437 2721 1480 2784 iis

287 2831 399 2898 fuisset
422 2832 592 2915 cognitum.
616 2832 722 2914 itaque
742 2831 888 2897 desinant
902 2831 1029 2896 tandem
1046 2834 1179 2898 editores
1194 2832 1334 2911 Pindari,
1352 2833 1475 2897 Aristo-

286 2945 409 3026 phanis,
439 2944 592 3022 Platonis,
621 2943 783 3008 Plutarchi
817 2943 951 3008 aliorum
986 2945 1187 3027 pervicaciter
1218 2944 1474 3027 perseverarem

288 3055 373 3121 falso
391 3055 447 3122 illo
470 3042 611 3136 accentu,
640 3054 704 3138 qui,
734 3056 800 3120 siue
828 3055 904 3120 libri
928 3055 1136 3139 manuscripti
1160 3055 1380 3138 suffragantur,
1410 3053 1476 3120 sive

288 3166 496 3252 refragantur,
519 3186 642 3250 prorsus
664 3167 844 3234 abiciendus
868 3185 931 3232 esse
953 3168 1087 3234 videtur.

390 3278 449 3344 His
472 3278 572 3363 igitur
594 3277 744 3362 expositis
761 3279 825 3344 iam
848 3280 887 3344 ad
909 3279 994 3346 locos
1018 3284 1169 3359 veterum,
1193 3276 1305 3361 quibus
1326 3278 1365 3342 de
1382 3279 1476 3343 huius

292 3390 428 3475 nominis
457 3390 577 3473 origine
607 3391 781 3455 accuratius
805 3393 977 3472 exponitur,
1007 3392 1190 3456 tractandos
1211 3389 1405 3455 accedamus.
1437 3407 1475 3454 ao

291 3501 394 3584 prima
423 3501 550 3584 quidem
581 3520 660 3585 quae
688 3504 727 3567 ad
750 3520 806 3568 nos
832 3505 975 3586 peruenit
998 3503 1035 3567 de
1058 3503 1225 3568 scoliorum
1252 3501 1380 3567 nomine
1402 3519 1473 3567 sen·

291 3615 392 3679 tentia
414 3615 612 3695 Dicaearcho,
637 3614 818 3680 Aristotelis
841 3613 993 3696 discipulo
1017 3614 1072 3698 (of.
1088 3614 1187 3681 Cicer.
1208 3615 1246 3680 de
1267 3613 1350 3698 legg.
1365 3613 1417 3678 III
1439 3613 1473 3696 6)

295 3726 435 3808 debetur,
464 3727 551 3791 ouius
580 3728 675 3792 verba
704 3725 786 3810 apud
810 3725 940 3792 Suidam
962 3746 986 3793 s.
1011 3746 1041 3793 v.
1074 3728 1208 3792 σκολιόν
1231 3726 1355 3791 exstant
1381 3726 1481 3793 haec:

289 3838 439 3903 σκολιόν·
462 3838 482 3920 ἡ
505 3840 679 3922 παροίνιος
701 3833 781 3925 ᾠδή.
805 3837 849 3915 ὡς
863 3839 924 3921 μὲν
939 3839 1142 3922 Δικαίαρχος
1156 3838 1193 3903 ἐν
1208 3842 1253 3926 τῷ
1269 3840 1345 3922 περὶ
1360 3853 1478 3920 μονοι-

292 3958 361 4015 ιιῶν
396 3950 535 4031 ἀγώνων
566 3951 617 4014 ὅτι
650 3952 725 4034 τρία
758 3952 836 4033 γένη
866 3945 909 4032 ἦν
942 3945 1050 4038 ᾠδῶν,
1083 3951 1120 4015 τὸ
1154 3950 1215 4033 μὲν
1246 3950 1311 4014 ὑπὸ
1342 3953 1481 4013 πάντων

288 4056 455 4149 ᾀδόμενον
469 4060 546 4126 καθ’
571 4059 630 4125 ἕνα
653 4059 734 4143 ἑξῆς,
757 4062 794 4125 τὸ
818 4062 848 4125 δ’
872 4063 937 4126 ὑπὸ
959 4072 1026 4127 τῶν
1049 4064 1295 4143 σννετωτάτων,
1319 4059 1363 4137 ὡς
1385 4062 1478 4144 ἔτυχε

288 4176 329 4270 τῇ
350 4170 455 4250 τάξει·
485 4172 503 4237 ὃ
527 4171 567 4255 δὴ
597 4174 772 4254 καλεῖσθαι
800 4171 856 4236 διὰ
877 4173 939 4256 τὴν
961 4171 1053 4251 τάξιν
1076 4174 1220 4238 σκολιόν.
1248 4171 1356 4237 eadem
1380 4172 1479 4237 verba

288 4283 488 4366 reperiuntur
510 4282 544 4348 in
563 4282 672 4349 Photii
694 4282 791 4349 lexico
815 4303 840 4353 s.
864 4303 894 4352 v.
917 4287 1055 4351 σκολιόν
1070 4286 1102 4351 et
1118 4283 1223 4351 verbis
1238 4283 1295 4348 διὰ
1311 4286 1371 4368 τὴν
1385 4283 1487 4363 τάξιν
