3120 4966
616 316 833 384 ..37-

150 505 250 572 Arist.
274 505 367 572 Rhet.
389 503 477 571 1121
501 509 645 574 servatus
668 508 766 591 ἀνδρί
787 506 817 570 δ’
833 508 997 589 ὑγιαίνειν
1019 510 1155 593 ἄρισται
1169 509 1270 591 ἐστιν,
1294 511 1341 588 ὥς

150 616 180 701 γ’
194 616 275 702 ήμῐν
298 619 390 682 δοκεῖ
410 618 524 685 Dorica
555 619 611 685 ille
638 619 766 702 quidem
788 619 919 684 dialecto
942 619 1071 686 orbatus
1101 620 1170 699 (ubi
1192 622 1338 687 Meinelre

150 729 239 795 Poet.
256 747 336 794 com.
352 730 404 795 ΙΙΙ
421 731 494 807 169,
516 732 570 814 qui
593 735 625 797 et
643 731 710 816 ipse
726 730 915 814 Epicharmo
936 729 1059 813 tribuit,
1082 732 1157 815 ἐμίν
1178 733 1336 817 scripsit)'.

153 840 229 905 haec
244 842 328 906 recte
343 860 375 907 se
391 842 507 908 habere
524 843 726 909 confirmatur
749 843 847 908 etiam
867 842 929 907 alio
952 842 1031 923 loco,
1055 843 1109 925 qui
1132 845 1232 910 exstat
1254 845 1339 928 apud

150 951 280 1018 Lucian.
302 955 339 1018 de
362 953 439 1035 laps.
463 952 521 1018 int.
545 954 604 1019 sal.
628 973 654 1019 c.
679 955 716 1019 6:

151 1063 169 1127 ὁ
196 1065 354 1148 Φιλήμων
378 1062 502 1150 (nevae,
526 1083 622 1148 quam
645 1063 765 1143 dicunt,
789 1065 964 1132 comoediae
987 1066 1092 1148 poeta)
1183 1152 1189 1163 Ι

378 1194 458 1258 αίκῶ
481 1195 511 1257 d'
528 1196 645 1278 ὑγείαν
666 1204 816 1278 πρῶτον,
846 1192 902 1259 εἶπ’
917 1193 1109 1278 εὐπραξίαν,

378 1309 490 1390 τρίτον
513 1306 549 1371 δὲ
570 1309 712 1391 χαίρειν,
737 1303 793 1371 εἶτ’
814 1306 961 1390 ὀφείλειν
983 1309 1111 1390 μηδενί.

153 1460 255 1508 nonne
282 1442 382 1528 igitur
411 1443 620 1527 Epicharmus
649 1443 769 1510 similes
799 1445 942 1528 panxisse
972 1463 1081 1509 versus
1116 1447 1241 1527 potuit,
1281 1447 1336 1529 qui

152 1572 261 1620 ansam
284 1554 452 1636 dederunt,
479 1557 516 1620 ut
538 1555 775 1622 celeberrimum
797 1556 931 1622 scolium
953 1555 993 1621 ad
1017 1556 1122 1640 ipsum
1145 1556 1335 1623 referretur?
1366 1552 1368 1556 ’

152 1668 246 1750 atque
262 1669 368 1732 eodem
390 1667 482 1733 modo
499 1668 717 1749 explicandum
740 1670 798 1748 est,
822 1671 848 1733 si
865 1668 1017 1734 Stobaeus
1033 1667 1200 1735 Flordlll
1215 1671 1236 1736 9
1251 1670 1337 1736 idem

149 1777 280 1844 scolium
308 1778 436 1844 nomine
464 1782 633 1864 Σκληρίου
667 1779 731 1855 (rel
759 1782 795 1845 ut
823 1780 928 1863 Bergk
959 1781 1029 1846 vult
1059 1783 1201 1867 Σκίρου)
1226 1786 1341 1865 poetae

153 1889 265 1956 comici
287 1891 394 1957 addito
416 1889 535 1958 attulit.

254 2001 340 2082 Quae
364 2021 435 2067 cum
459 2003 506 2067 ita
529 2001 604 2083 sint,
628 2021 690 2068 non
714 2003 931 2070 dubitabimus
953 2004 1012 2071 hoc
1035 2004 1167 2070 acolium
1184 2003 1338 2071 Simonidi

150 2113 297 2180 tribuere.
321 2114 499 2180 accuratius
522 2117 627 2181 autern
643 2114 771 2198 quidde
790 2115 962 2182 Simonidis
985 2117 1090 2183 aeoliis
1113 2120 1251 2182 statuere
1274 2134 1337 2181 non

150 2225 225 2317 licet
252 2230 380 2309 propter
402 2227 652 2311 fragmentorum
675 2226 880 2309 paucitatem.
921 2228 976 2294 sed
998 2228 1049 2293 vir
1072 2246 1091 2295 a
1113 2246 1186 2294 vero
1209 2228 1335 2295 aberra·

152 2337 273 2416 bimur,
297 2337 325 2402 si
347 2357 403 2421 per
426 2339 637 2403 coniecturam
660 2339 911 2405 contenderimus
934 2339 1129 2406 Simonidem
1152 2359 1213 2406 non
1235 2341 1338 2405 solum

156 2470 172 2514 e
196 2469 281 2515 more
298 2450 434 2515 Aeolum
455 2450 549 2515 scolia
579 2468 751 2533 paucorum
774 2470 921 2517 versuum
943 2451 1133 2531 condidisse,
1164 2452 1217 2517 sed
1240 2452 1337 2518 etiam

151 2563 266 2626 maiore
289 2562 358 2627 arte
381 2562 412 2625 et
434 2561 568 2627 artificio
591 2579 683 2626 usum
707 2580 773 2628 esse
795 2563 828 2628 in
845 2565 885 2628 iis
909 2563 1109 2629 conficiendis
1133 2565 1187 2639 ita,
1211 2565 1248 2629 ut
1272 2565 1335 2629 ior-

150 2675 233 2739 tasse
257 2691 275 2738 a
297 2672 428 2738 Pindari
452 2672 555 2738 scoliis
586 2674 671 2739 haud
698 2673 744 2740 ita
767 2675 905 2741 multum
927 2676 1090 2742 differrent
1112 2676 1211 2741 scolia
1232 2674 1336 2741 Simo-

149 2785 244 2851 nidis.
280 2787 426 2868 aequales
455 2785 541 2850 enim
563 2785 629 2850 fere
656 2791 746 2851 erant
774 2787 866 2852 ambo
888 2791 997 2871 poetae
1020 2789 1175 2871 simulque
1197 2787 1337 2854 Athenis

148 2896 264 2963 versati
297 2901 371 2962 sunt
399 2916 454 2980 per
483 2895 607 2981 longius
636 2897 786 2981 temporis
816 2899 968 2982 spatium
1004 2899 1135 2982 denique
1170 2901 1335 2982 utriusque

148 3008 269 3092 poesim
291 3009 374 3075 haud
398 3008 445 3074 ita
468 3008 564 3075 tuisse
588 3010 774 3075 dissimilem
800 3011 869 3094 quis
891 3013 940 3077 est
963 3010 1017 3094 qui
1039 3011 1182 3077 nesciat?
1214 3046 1217 3051 ⁴

608 3197 642 3266 5.
666 3197 874 3269 Timocreon.

250 3315 463 3384 Acerbissime
490 3317 633 3384 invectus
664 3320 714 3384 est
742 3319 776 3385 in
804 3319 975 3386 Simonidis
1004 3320 1125 3403 poesim
1148 3321 1333 3387 Timocreon

150 3428 300 3505 Rhodion,
317 3429 370 3511 qui
378 3429 599 3496 Themistoclis
616 3431 648 3495 et
662 3429 832 3496 Simonidis
850 3433 928 3497 vixit
942 3432 1150 3515 temporibus;
1174 3431 1215 3499 cl.
1232 3431 1332 3516 epigr.

149 3538 246 3604 Anth.
268 3539 371 3606 Palat.
395 3539 474 3607 XIII
497 3541 556 3607 31:

333 3680 422 3761 Κηία
449 3702 490 3761 με
512 3683 682 3764 προσῆλθε
711 3684 858 3765 φλυαρία
885 3682 949 3746 οὐκ
974 3680 1143 3763 ἐθέλοντα,

335 3791 398 3854 οὐκ
419 3791 579 3856 ἐθέλοντά
600 3816 640 3876 με
662 3796 832 3877 προσῆλθε
854 3795 943 3875 Κηία
966 3796 1124 3878 φλυαρία.

150 3927 262 4009 quibus
286 3926 425 3992 versibus
448 3929 618 4012 exagitavit
641 3928 810 3996 Simonidis
832 3929 915 3994 illud
937 3930 1048 4010 (Anth.
1071 3930 1139 3995 Pal.
1158 3930 1239 3996 XIII
1260 3930 1332 4009 30):

291 4056 416 4129 Μοῦσά
446 4089 502 4148 μοι
521 4062 702 4150 Ἀλκμήνης
724 4069 953 4152 καλλισφύρου
982 4070 1058 4133 υἱὸν
1081 4069 1186 4133 ἄειδε·

291 4177 368 4241 viee
378 4173 560 4261 Ἀλκμήνης
582 4178 671 4243 ἄειδε
693 4176 820 4243 Μοῦσαί
841 4203 899 4264 μοι
921 4181 1162 4264 καλλισφύρου.

144 4316 199 4380 sed
230 4331 285 4378 nec
310 4311 503 4379 Simonidem
531 4316 702 4397 pepercisse
725 4316 934 4384 Timocreonti
962 4318 1051 4384 docet
1080 4318 1217 4402 elogium
1250 4318 1331 4386 illud
