3120 4966
671 311 885 376 -.27-

330 504 597 570 Dicaearchus
1005 494 1165 561 Artemo

179 612 217 674 τὸ
239 610 269 673 d'
281 610 348 674 ὑπὸ
362 620 429 674 τῶν
444 611 690 688 συνετωτάτου,
705 606 749 683 ὡς
801 611 913 694 τρίτον
930 608 965 672 δὲ
980 611 1037 673 καὶ
1048 608 1109 691 την
1120 609 1173 672 ἐπὶ
1183 614 1265 671 πάσι
1280 605 1373 684 τάξιν

185 770 191 775 -
223 723 317 806 ἔτυχε
339 725 378 807 τῇ
401 719 504 797 τάξει·
537 720 619 801 ὃδὴ
643 722 748 782 καλεῖ·
845 720 931 803 ἔχον,
950 709 992 783 οὗ
1002 729 1153 804 μετεῖχον
1170 721 1281 785 οὐκέτι
1290 722 1373 783 πάν·

224 839 305 899 σθαι
328 835 384 897 διὰ
399 833 462 916 τὴν
476 830 568 908 τάξιν
584 832 727 896 σκολιόν.
845 853 907 914 τες,
924 831 992 896 ἀλλ’
1007 831 1040 896 οἱ
1052 833 1185 899 συνετοί
1197 831 1374 906 δοκοῦντες

845 940 932 1008 εἰναι
953 943 1051 1025 μόνοι
1081 944 1242 1016 καὶκατὰ
1270 945 1374 1008 τόπον

846 1054 948 1119 ὅντιν’
975 1055 1027 1120 ac
1049 1058 1181 1137 τύχοιεν
1204 1057 1312 1130 ὄντες.
1326 1101 1332 1116 .
1347 1101 1372 1134 .,

846 1167 983 1230 σκολιὸν
997 1165 1134 1249 ἐκλήθη.

182 1340 259 1405 ἰιεοο
290 1338 388 1422 igitur
421 1333 468 1401 it'a
495 1336 571 1401 sunt
600 1337 796 1419 comparata,
831 1337 868 1401 ut
897 1337 947 1403 vir
977 1356 1091 1405 avere
1117 1338 1311 1416 aberremus,
1347 1336 1373 1402 si

181 1449 399 1516 contendimus
420 1445 627 1513 Artemonem
649 1447 875 1513 Dicaearchum
899 1449 1011 1514 ducem
1034 1469 1100 1516 esse
1120 1453 1265 1516 secutum
1288 1449 1373 1515 eius·

186 1582 245 1644 que
267 1561 364 1626 verba
385 1561 458 1624 ante
482 1559 586 1624 ocules
610 1559 766 1626 habuisse.

289 1699 363 1766 Alia
386 1697 551 1763 scoliorum
574 1697 707 1763 nominis
723 1696 895 1786 explicatio
929 1699 1032 1764 exstat
1060 1697 1093 1762 in
1116 1696 1223 1765 Photii
1258 1696 1374 1763 biblic-

185 1813 276 1895 theca
300 1811 367 1876 cod.
393 1811 457 1877 239
479 1833 508 1897 p.
533 1811 593 1876 321
620 1829 648 1875 a.
672 1810 693 1875 3
715 1810 762 1874 ed.
787 1809 926 1890 Beklrar,
950 1800 1004 1893 qui
1026 1828 1095 1876 eam
1118 1831 1134 1876 e
1158 1810 1261 1876 Procli
1284 1811 1373 1875 chre·

183 1922 356 1990 stomaihia
378 1923 547 2006 decerpsit:
581 1923 618 1987 τὸ
640 1922 677 1984 δὲ
700 1923 835 1986 σκολιὸν
856 1925 954 2004 μέλος
976 1919 1074 2008 ᾔδετο
1097 1925 1188 2007 παρὰ
1213 1924 1292 1999 τοὺς
1313 1925 1374 1986 πό-

185 2055 277 2112 τους·
301 2036 355 2100 διὸ
377 2037 433 2099 καί
455 2037 632 2118 παροίνιον
655 2034 738 2098 αὐτὸ
762 2033 834 2098 ἔσθ’
859 2036 913 2098 ὅτε
936 2036 1112 2099 καλοῦσιν·
1136 2036 1311 2116 ἀνειμένον
1334 2034 1372 2098 δέ

188 2146 255 2210 ἐστι
276 2150 316 2232 τῇ
337 2151 525 2232 κατασκευῇ
557 2147 612 2209 καί
635 2147 865 2211 ἁπλούστατον
887 2143 1043 2229 μάλιστα·
1072 2146 1206 2210 σκολιὸν
1229 2145 1265 2209 δὲ
1287 2149 1375 2229 είρη·

187 2279 239 2321 ται
262 2257 321 2342 οὐχ
345 2257 389 2334 ὡς
410 2258 513 2334 ἐνίοις
535 2257 646 2335 ἔδοξεν
671 2260 725 2340 (ci.
750 2257 878 2324 Suidam
908 2275 932 2323 a.
956 2276 985 2322 v.
1016 2261 1164 2322 σκολιόν·
1196 2258 1232 2321 τὸ
1256 2255 1375 2345 ῥηίδιον

187 2369 255 2433 κατ’
277 2370 489 2453 άντίφρασιν)
526 2373 596 2434 κατ’
620 2370 822 2454 άντίφρασιν
847 2406 889 2416 -
923 2372 963 2433 τὰ
991 2372 1056 2454 γὰρ
1078 2369 1148 2433 κατ’
1173 2369 1375 2453 άντίφρασιν

188 2479 230 2556 ὡς
250 2479 371 2545 ἐπίπαν
394 2491 453 2545 τοῦ
470 2482 682 2564 εὐφημισμοῦ
699 2484 896 2565 στοχάζεται,
916 2483 978 2546 οὐκ
994 2482 1041 2557 είς
1055 2483 1267 2564 κακοφημίαν
1282 2502 1377 2562 μετα-

186 2593 298 2674 βάλλει
321 2594 358 2656 τὸ
381 2595 533 2676 εὔφημον
555 2629 607 2675 -,
631 2594 714 2656 ἀλλὰ
734 2592 790 2657 διὰ
810 2594 847 2657 τὸ
875 2595 1207 2677 προκατειλημμένων
1226 2591 1289 2675 ἤδη
1311 2601 1378 2657 τῶν

186 2705 413 2788 αἰσθητηρίων
446 2707 502 2768 καί
528 2707 736 2789 παρειμένων
770 2708 851 2794 οίνφ
885 2714 952 2768 τῶν
985 2705 1159 2782 άκροατῶν
1195 2715 1376 2787 τηνικαῦτα

185 2815 400 2898 εἰσφέρεσθαι
423 2815 460 2879 τὸ
481 2817 641 2899 βάρβιτον
662 2817 709 2892 είς
731 2817 771 2880 τὰ
793 2818 961 2900 συμπόσια
984 2818 1039 2881 καί
1062 2816 1315 2893 διονυσιάζοντα
1342 2816 1373 2880 έ-

185 2944 309 2991 καστον
332 2927 551 3010 ἀκροσφαλῶς
573 2929 823 3010 συχκάππεσθαι
849 2929 904 3008 (sic
932 2927 1110 2993 emendavit
1134 2926 1270 3010 Sylburg
1299 2927 1374 2993 scri·

184 3037 311 3118 pturam
333 3036 486 3102 traditam
508 3039 770 3121 συχκόπτεσθαι)
792 3041 868 3123 περὶ
889 3040 950 3122 τὴν
979 3041 1157 3124 προφορὰν
1187 3048 1245 3122 τῆς
1268 3036 1376 3126 ᾠδῆς·

186 3142 267 3232 ὅπερ
290 3145 354 3213 οὖν
376 3149 521 3235 ἔπασχον
544 3150 639 3214 αὐτοὶ
655 3147 711 3214 διὰ
726 3150 786 3234 την
809 3153 935 3234 μέθην,
958 3162 1056 3215 τοῦτο
1080 3153 1258 3233 τρέψαντες
1273 3154 1320 3227 εἰς
1339 3152 1377 3215 τὸ

185 3261 282 3341 μέλος
315 3262 450 3324 σκολιὸν
484 3258 626 3325 ἐκάλουν
659 3262 696 3325 τὸ
731 3262 970 3328 ἁπλούστατον.
1014 3261 1143 3327 Preclus
1175 3259 1273 3344 igitur
1310 3261 1377 3344 ipse

188 3372 286 3436 seclia
308 3371 449 3437 carmina
479 3371 637 3455 simplicia
659 3372 758 3438 fuisse
780 3373 917 3454 statuitp
940 3374 1013 3456 ced,
1049 3392 1120 3438 cum
1150 3391 1257 3438 eorum
1279 3373 1378 3437 inter-

188 3484 372 3567 pretationi,
411 3484 465 3566 qui
494 3486 591 3550 scolia
623 3484 693 3549 κατ’
716 3485 917 3569 άντίφρασιν
945 3503 1058 3550 nomen
1088 3469 1378 3567 accepissescpina·

189 3595 321 3676 bantur,
345 3595 487 3661 accedere
510 3597 626 3675 nollet,
651 3595 762 3675 seclia,
786 3596 929 3679 quamvis
953 3597 1085 3661 fuissent
1107 3596 1246 3662 carmina
1269 3595 1378 3663 facilia

188 3709 227 3772 ad
249 3709 466 3791 pangendum,
500 3712 606 3773 tamen
634 3707 779 3773 difficilia
810 3707 984 3792 (δύσκολα)
1022 3709 1089 3773 visa
1119 3726 1186 3773 esse
1214 3706 1276 3772 sibi
1305 3726 1378 3789 per·

188 3817 290 3885 suasit
313 3817 452 3882 convivis
476 3818 548 3884 vino
569 3818 780 3886 titubantibus
804 3825 834 3884 et
858 3821 983 3902 propter
1008 3819 1153 3901 crapulae
1172 3819 1376 3904 gravedinem

189 3932 294 3995 mente
316 3929 474 4013 impeditis
497 3930 703 4013 turbatisque.

295 4069 323 4133 A
346 4067 451 4133 Procli
475 4067 680 4150 explicatione
706 4086 767 4133 uon
790 4069 836 4133 ita
859 4068 997 4134 multum
1020 4069 1139 4134 recedit
1162 4066 1285 4133 Orionis
1308 4086 1378 4133 sen-

189 4178 291 4244 tentia
312 4179 345 4243 in
368 4178 584 4263 Etymclcgico
607 4179 723 4262 Magne
752 4198 777 4246 s.
802 4197 832 4244 r.
859 4183 1009 4246 σκολιόν·
1041 4180 1105 4245 άπὸ
1128 4191 1188 4244 τοῦ
1210 4181 1378 4263 μεθύουσι

189 4292 245 4355 καί
268 4294 407 4371 σκολιῶς
436 4291 548 4374 ἔχουσι
578 4292 617 4355 τά
640 4293 841 4376 αἰσθητήρια
864 4290 1016 4380 ᾅδεσθαι.
1050 4310 1151 4374 neque
1183 4289 1215 4358 id
1250 4291 1377 4357 mirum.
