3120 4966
667 1194 890 1293 VITA.

287 1661 399 1760 Natus
428 1707 500 1754 sum
522 1687 687 1772 Augustus
717 1686 911 1754 Godofredus
935 1688 1145 1772 Engclhrecht
1174 1689 1277 1772 pridie
1298 1690 1376 1756 Idus

183 1802 315 1868 Martias
332 1820 360 1868 a
376 1803 408 1868 h.
425 1821 451 1867 s.
467 1802 549 1868 LXI.
566 1801 767 1868 Vindobonae
782 1802 870 1885 patre
888 1805 1043 1888 Augusto,
1061 1803 1236 1870 architecto
1253 1803 1374 1870 Vindo-

183 1913 326 1995 bonensi,
359 1916 460 1980 matre
492 1914 633 1997 Iosepha
662 1934 678 1979 e
706 1917 802 1998 gente
832 1915 1056 1994 Drcssleriana,
1093 1933 1169 1998 quos
1197 1917 1287 1984 uiuos
1320 1917 1376 2000 pia

184 2031 289 2090 mente
313 2027 390 2090 colo.
414 2026 509 2091 fidem
532 2027 679 2109 profiteor
708 2025 907 2094 catholicam.
935 2030 974 2092 ad
997 2045 1115 2093 nonum
1138 2047 1236 2112 usque
1260 2029 1376 2094 aetatis

185 2157 303 2203 annum
337 2137 518 2203 litterarum
554 2139 745 2203 rudimentis
778 2139 919 2204 imbutus
953 2139 987 2203 in
1021 2139 1109 2205 urbis
1137 2140 1259 2224 patriae
1287 2140 1376 2218 ludo,

187 2267 206 2313 a
228 2249 410 2331 parentibus
432 2250 603 2316 carissimis
626 2253 742 2316 missus
758 2269 829 2316 sum
843 2250 878 2315 in
893 2251 1079 2316 monasterii
1096 2251 1374 2318 Seitenstadiensis

186 2363 397 2445 gymnasium,
427 2363 509 2445 quod
539 2381 558 2427 a
584 2365 730 2445 patribus
758 2364 939 2430 reverendis
970 2364 1016 2430 St.
1041 2364 1208 2429 Benedicti
1238 2363 1374 2449 collegio

186 2474 332 2556 ascriptis
348 2475 472 2558 egregie
488 2475 738 2554 administratur,
761 2476 868 2561 ibique
885 2495 941 2559 per
956 2479 1078 2559 septem
1093 2494 1189 2541 annos
1207 2475 1373 2541 continuos

188 2585 272 2667 (inde
289 2584 328 2649 ah
352 2604 380 2651 a.
403 2586 490 2650 LXX
512 2587 667 2671 usquead
686 2586 849 2669 LXXVII)
874 2587 1056 2651 litterarum
1079 2606 1129 2651 me
1153 2586 1224 2652 dedi
1248 2586 1373 2670 studiis,

186 2697 282 2762 donec
308 2697 397 2781 gravi
421 2701 581 2780 correptus
605 2698 713 2762 morbo
737 2699 865 2762 coactus
889 2717 969 2776 sum,
999 2699 1036 2762 ut
1057 2698 1223 2782 gymnasio
1246 2697 1375 2781 publico

185 2809 335 2874 derelicto
372 2809 456 2873 inter
491 2809 633 2892 priuatos
669 2812 804 2894 parietes
839 2811 879 2874 ad
917 2809 1114 2875 maturitatis
1153 2809 1374 2876 testimonium

186 2921 424 3006 adipiscendum
447 2921 514 3005 ipso
537 2940 588 2986 me
610 2939 840 3004 praepararem.
864 2921 945 3003 quod
969 2921 1101 3003 adeptus
1125 2923 1278 2986 autumno
1296 2923 1373 2986 anni

184 3033 353 3097 LXXVIII
368 3033 398 3097 in
415 3033 575 3098 academia
591 3033 826 3099 vindobonensi
842 3032 1045 3115 antiquarum
1060 3031 1240 3096 litterarum
1256 3032 1373 3097 studiis

187 3161 312 3226 operam
343 3144 473 3209 daturus
508 3164 580 3209 cum
614 3163 726 3209 nomen
760 3145 842 3227 apud
875 3142 1084 3208 illustrissimi
1116 3143 1374 3227 philosophorum

188 3256 303 3320 ordinis
327 3257 487 3334 decanum,
518 3254 667 3321 Carolum
689 3254 924 3336 Scheuhelium,
952 3254 1056 3319 lausto
1086 3254 1188 3319 omine
1216 3256 1374 3338 professus
1469 3252 1471 3256 '

188 3385 295 3444 essem,
317 3369 470 3432 erectore
486 3369 653 3450 magnifico
669 3387 701 3433 u.
719 3369 749 3433 d.
765 3368 902 3433 Heurico
918 3367 1007 3452 Siegl
1030 3367 1063 3431 in
1086 3367 1194 3433 album
1213 3367 1373 3433 academi-

187 3495 259 3541 cum
281 3479 398 3543 relatus
421 3499 501 3544 sum.
524 3480 558 3544 in
581 3480 640 3544 hac
668 3480 848 3545 litterarum
877 3483 948 3545 sede
977 3478 1094 3544 scholis
1122 3478 1264 3560 Interfui,
1296 3497 1374 3562 quas

184 3590 363 3655 hahuerunt
385 3591 444 3656 viri
474 3592 654 3657 clarissimi:
686 3595 724 3660 G.
748 3591 870 3670 Hartcl,
901 3590 935 3654 ll.
959 3589 1137 3671 Hoffmann,
1168 3590 1202 3657 Ο.
1225 3590 1374 3670 Schenkl,

184 3701 240 3766 Th.
276 3701 438 3783 Gompcru,
474 3701 509 3766 Ο.
538 3703 732 3783 Hirschfeld,
766 3705 810 3768 M.
846 3702 1020 3782 Gitlbauer,
1056 3703 1094 3767 R.
1129 3703 1374 3780 Zimmermaun,

185 3813 242 3878 Th.
259 3814 354 3897 Vogt.
378 3831 415 3878 ac
437 3813 540 3897 primo
564 3815 629 3880 iam
653 3816 798 3880 semestri
820 3815 921 3897 spatio
946 3833 1019 3879 cum
1040 3814 1186 3897 participi
1210 3833 1276 3879 esse
1294 3814 1375 3879 mihi

186 3924 296 3991 liceret
319 3927 576 3993 exercitationum
599 3927 840 4012 philologarum,
866 3925 978 3992 eximio
1001 3927 1224 4007 magistrorum
1239 3927 1374 3992 maxime

184 4038 373 4103 dilectorum
389 4040 539 4123 Hartelii,
562 4040 757 4120 Hoffmanni,
780 4037 959 4105 Schenlrelii
980 4037 1085 4103 favore
1108 4041 1139 4102 et
1160 4037 1376 4103 benevolentia

186 4150 306 4215 factum
342 4156 400 4236 est,
437 4153 475 4218 ut
507 4154 608 4235 primo
646 4153 758 4217 statim
794 4150 972 4218 studiorum
1008 4151 1257 4217 academicorum
1292 4167 1373 4216 anno

186 4255 549 4330 ascribercr'seminario
572 4265 758 4348 philologico
781 4264 900 4330 sodalis
924 4261 1110 4341 ordinarius,
1135 4280 1197 4345 qua
1220 4262 1254 4326 in
1276 4263 1375 4328 socie·

1205 4367 1220 4418 1
