3120 4966
672 284 866 348 „7-

181 478 317 559 βιβλίων
359 475 506 559 χρήσεως
547 473 658 538 leviter
694 472 913 537 tautummodo
950 475 982 537 et
1019 472 1106 555 quasi
1144 472 1181 536 ἐν
1217 478 1373 565 παρέργῳ

181 589 333 672 tetigisse.

287 702 375 766 Dura
407 718 483 764 sane
509 698 629 763 utimur
659 696 849 779 condicione,
883 695 966 779 quod
993 712 1051 760 nec
1081 693 1288 779 Tyrannionis
1316 716 1374 763 nec

183 811 312 894 Didymi
344 810 561 877 commentarii
592 809 633 876 ad
662 812 802 874 nostram
834 808 1044 890 pervenerunt
1078 807 1272 874 memoriam.
1318 811 1371 873 sed

184 922 266 988 torte
295 922 423 987 fortuna
451 922 574 1002 accidit,
606 922 688 1004 quod
718 921 900 986 Athenaeus
931 921 1263 1005 Deipnosophistarum
1293 920 1375 987 libro

184 1035 298 1099 ultimo
307 1033 332 1115 3)
356 1032 571 1115 anthologiam
594 1033 660 1098 eius
690 1033 776 1097 modi
803 1034 978 1098 carminum
1007 1033 1151 1116 inseruit,
1180 1033 1275 1097 scolie
1303 1032 1374 1097 dico

186 1165 239 1210 sex
262 1145 294 1210 et
316 1144 439 1228 viginti,
463 1144 517 1225 qui
539 1162 700 1221 numerus,
730 1145 873 1225 quamvis
899 1144 942 1208 sit
963 1145 1039 1208 satis
1063 1145 1202 1227 exiguus,
1233 1145 1262 1208 si
1288 1162 1373 1209 com·
1498 1135 1502 1145 ’

186 1275 331 1340 paramus
355 1275 400 1334 oa,
425 1275 504 1338 quae
527 1255 712 1320 Eustathius
734 1255 868 1320 tradidit
890 1257 929 1320 de
953 1256 1120 1321 scoliorum
1142 1255 1264 1339 ingenti
1286 1256 1377 1338 copia

187 1366 293 1450 (1574,
313 1368 368 1432 142
391 1369 494 1451 μυρία
511 1367 548 1430 δὲ
562 1378 702 1431 τοιαῦτα
717 1367 860 1451 (σκολιὰ)
877 1371 1136 1452 περιφέρονται),
1160 1369 1265 1431 tamen
1286 1367 1375 1431 nobis

185 1481 315 1544 maximi
338 1479 386 1544 est
408 1479 511 1561 pretii,
542 1497 613 1543 cum
642 1482 681 1544 ad
707 1478 800 1543 huius
822 1479 924 1561 poesis
951 1479 1081 1544 melicae
1104 1479 1227 1562 generis
1249 1479 1315 1543 vim
1337 1496 1377 1543 ao

185 1597 334 1658 naturam
348 1593 594 1674 cognoscendam
606 1590 664 1655 hoc
677 1609 713 1654 er
724 1590 810 1655 fonte
823 1594 877 1655 aut
889 1591 1026 1674 plurima
1041 1591 1222 1655 hauriamus
1234 1591 1376 1671 oporteat

184 1705 239 1770 aut
260 1703 325 1768 fere
348 1703 462 1767 omnia.

287 1815 351 1879 Hic
372 1815 439 1880 illic
462 1815 558 1879 etiem
581 1813 664 1897 apud
687 1814 764 1879 alios
788 1814 954 1896 scriptores
977 1818 1107 1893 veterae,
1139 1814 1373 1894 grammaticos,

185 1927 380 2006 semijustos,
412 1926 645 2008 lexicographos
670 1927 838 1991 scoborum
865 1927 983 1991 mentio
1011 1927 1048 1991 fit
1080 1929 1175 2008 atque
1202 1927 1234 1990 in
1263 1926 1377 2007 primis

186 2038 223 2102 de
248 2039 384 2103 nominis
400 2038 568 2121 veriloquio
583 2040 708 2103 exstant
723 2039 896 2102 sententiae
913 2039 1064 2116 veterum,
1088 2057 1221 2120 quorum
1237 2038 1373 2115 nomina,

187 2169 261 2215 cum
275 2152 313 2215 de
329 2150 494 2214 scoliornm
506 2150 640 2215 nominis
652 2150 875 2233 significatione
888 2169 1025 2232 agemus,
1043 2149 1269 2215 recensebimus
1282 2151 1377 2230 etque

189 2262 408 2327 auctoritatem
430 2263 462 2327 et
483 2261 577 2326 fidem
601 2263 774 2327 accuratius
798 2261 1056 2327 examinabimus.

291 2375 341 2439 Ab
363 2375 417 2439 illo
441 2374 539 2458 igitur
561 2375 719 2439 Athenaei
747 2375 813 2438 loco
837 2374 971 2456 profecti
992 2373 1164 2438 recentiore
1187 2374 1288 2437 aetate
1310 2372 1375 2437 iam

188 2485 305 2549 dudum
328 2486 390 2550 viri
412 2486 496 2551 docti
518 2487 550 2550 in
574 2487 741 2551 scoliorum
764 2487 883 2568 poesim
905 2486 1137 2568 inquisiverunt
1152 2485 1208 2563 ita,
1232 2486 1269 2548 ut
1284 2503 1373 2566 prae-

187 2596 274 2679 cipue
303 2599 404 2662 artem
434 2598 575 2663 criticam
602 2599 635 2662 in
664 2597 768 2663 seoliis
797 2598 836 2662 ab
861 2598 1022 2663 Athenaeo
1044 2598 1175 2662 servatis
1198 2599 1378 2662 exercerent

188 2726 223 2772 ac
245 2710 345 2773 metra
368 2709 401 2772 in
423 2708 557 2791 singulis
580 2709 745 2774 restituere
769 2712 958 2774 conarentur
974 2709 1176 2774 carminibus.
1199 2709 1282 2772 inter
1297 2727 1373 2790 quos

185 2821 305 2901 primus
328 2822 536 2886 nominandus
560 2825 607 2887 est
629 2823 747 2887 Paulus
770 2823 1001 2906 LeoparduS,
1028 2822 1081 2903 qui
1105 2822 1137 2885 in
1153 2817 1375 2886 ‘Emendatio-

187 2951 264 2997 num
294 2932 364 2999 libr.
387 2933 459 2998 ΧΠ.
489 2952 555 3014 cap.
579 2929 610 2997 8'
638 2933 761 3018 (insunt
791 2934 824 2997 in
854 2934 982 3001 Gruteri
1005 2932 1156 2997 Thesauri
1179 2930 1290 2996 Oritici
1312 2931 1372 2995 III.

185 3064 216 3126 p.
245 3044 310 3107 244
340 3047 419 3127 sqq.)
450 3040 633 3109 ‘scoliorum
662 3045 694 3108 et
723 3046 896 3108 carminum
931 3044 1143 3109 convivalium
1177 3044 1374 3125 quorundam

189 3153 446 3221 emendationem'
473 3157 568 3222 dedit.
592 3159 663 3241 pest
685 3177 758 3222 eum
781 3157 819 3222 de
840 3159 947 3222 eodem
968 3158 1156 3240 argumento
1178 3155 1375 3235 scripserunt

187 3269 409 3334 Hadrianus
432 3271 453 3337 J
460 3270 577 3334 unius
600 3273 632 3335 in
649 3265 983 3335 ‘Animadversionem
998 3269 1079 3333 libro
1097 3269 1156 3332 Ill.
1175 3287 1240 3349 cap.
1258 3263 1288 3330 7’
1319 3267 1374 3349 (of.

187 3381 277 3448 Grut.
302 3380 394 3448 Thes.
418 3380 494 3446 Orit.
519 3382 576 3447 IV.
599 3402 629 3465 p.
654 3383 717 3447 387
741 3384 834 3467 sqq),
864 3381 1056 3447 Schettus
1085 3381 1117 3444 et
1145 3379 1374 3446 Nuunesius

187 3493 227 3558 ad
248 3493 351 3560 Procli
375 3494 598 3559 chrestomath.
622 3514 652 3577 p.
679 3495 728 3572 10,
759 3495 797 3558 de
825 3495 856 3558 la
878 3492 1020 3570 Nauae,
1049 3492 1216 3557 Memoires
1245 3512 1299 3556 eur
1326 3493 1375 3556 les

186 3604 338 3670 ehansons
367 3610 404 3672 de
433 3606 605 3671 l'ancienne
635 3604 742 3683 draco,
778 3605 817 3670 cf.
848 3605 1014 3670 Memoires
1046 3605 1084 3669 de
1115 3605 1296 3670 l'acaddmie
1322 3606 1375 3669 des

185 3717 333 3800 Inscript.
357 3719 390 3783 et
413 3718 659 3783 Belles-Lettres
683 3719 743 3784 vol.
767 3717 825 3780 IX.
852 3719 892 3800 (a.
912 3717 1007 3798 1736)
1033 3736 1063 3799 p.
1080 3717 1262 3800 ano-347,
1279 3735 1375 3799 quam

186 3829 430 3910 disputationem
453 3831 493 3894 ab
515 3830 631 3894 Eberto
654 3829 687 3894 in
709 3830 852 3912 linguam
875 3827 1092 3893 Germanicam
1118 3846 1297 3893 conversam
1326 3829 1375 3893 in-

186 3941 290 4007 venies
322 3942 478 4006 adiectam
506 3940 652 4024 operibus
682 3942 833 4007 Friderici
861 3942 899 4006 de
928 3941 1097 4023 Hagedom
1131 3942 1257 4022 (Hamb.
1289 3939 1375 4004 1764

184 4051 246 4118 vol.
262 4053 321 4117 Ill.
339 4055 370 4118 et
388 4054 435 4118 ed.
451 4072 480 4118 a.
501 4054 583 4117 1773
600 4054 658 4118 vol.
680 4053 714 4119 V.
738 4073 767 4136 p.
786 4054 916 4135 1-83)‚
940 4054 1107 4118 Burette
1124 4047 1191 4116 ‘Ao
1208 4051 1373 4116 Plutarchi

184 4201 390 4211 u—-——--

288 4276 310 4345 ἢ
329 4274 364 4331 cf.
383 4274 481 4330 Athen.
501 4275 551 4330 XV
569 4280 621 4330 694
638 4274 744 4330 0-696
763 4276 794 4333 Β.
