3120 4966
670 387 883 454 „99-

185 578 395 663 Philosophia,
421 578 574 662 Diogenes
589 578 743 650 Laertius,
764 596 825 642 von
848 577 971 662 Thales,
995 576 1097 657 Solon,
1122 575 1243 658 Chilon,
1268 578 1370 645 Pitta-

185 695 242 759 kus
265 694 328 758 und
351 691 426 757 Bias
449 691 693 777 vielgesungene
715 691 810 757 Verso
840 689 977 769 anfflhrt,
1008 707 1041 755 so
1070 697 1195 756 mussan
1218 690 1274 755 wir
1297 691 1367 757 sehr

187 824 227 870 an
249 805 302 869 der
324 802 474 870 Eshtheit
497 803 599 870 dieser
622 801 843 887 Spruohlieder
866 802 1015 868 uueifeln.
1060 800 1111 869 Sis
1135 802 1207 868 sind
1229 803 1369 869 uamlioh

186 917 246 981 alle
279 916 313 980 in
345 916 555 1001 spraohlicher
584 916 648 981 und
680 915 867 982 metrischer
894 913 1044 980 Hinsioht
1078 914 1135 979 wie
1170 917 1244 981 tiber
1278 915 1369 981 einen

185 1030 311 1095 heisten
339 1028 519 1113 gearbeitet,
548 1047 581 1094 so
609 1029 683 1095 dass
713 1047 786 1094 man
815 1029 906 1093 anter
935 1029 995 1093 don
1018 1027 1037 1091 7
1061 1025 1188 1093 Weisen
1217 1027 1286 1094 eine
1309 1028 1369 1095 hrt

185 1159 245 1207 von
261 1140 486 1226 Verabredung
509 1142 688 1207 annehmen
711 1140 839 1221 mbssto,
863 1141 897 1205 in
921 1139 1018 1205 dieser
1040 1141 1162 1206 Manier
1183 1141 1367 1207 zudiohten

185 1254 250 1320 und
272 1253 415 1320 bberdies
438 1254 471 1319 iu
495 1253 580 1320 einer
604 1256 664 1320 Art
687 1271 746 1321 von
768 1252 959 1338 Rhythmen,
992 1253 1041 1318 die
1071 1257 1135 1319 erst
1156 1255 1200 1318 im
1220 1253 1370 1319 Zeitalter

105 1389 106 1392 ¹
187 1368 242 1431 der
257 1365 405 1450 Tragiker
428 1366 652 1452 gebrauohlich
674 1367 760 1432 uird.
809 1363 901 1454 [quod
924 1364 1054 1431 minime
1077 1385 1184 1432 verum
1207 1368 1271 1449 est3
1295 1385 1369 1431 nam

186 1479 247 1544 iam
279 1477 473 1545 Stesichorus
507 1498 654 1564 persaepe
688 1480 765 1545 talia
797 1482 898 1544 metra
932 1477 1090 1561 adhibuit,
1127 1478 1166 1544 ol.
1201 1478 1370 1562 Westphal

183 1588 321 1657 119661
344 1593 427 1675 sqq]
472 1591 590 1659 dedooh
613 1591 657 1657 ist
684 1611 722 1658 au
750 1590 894 1675 glauben,
924 1591 997 1656 dass
1020 1592 1065 1656 sie
1087 1590 1119 1656 in
1142 1591 1259 1656 diesem
1282 1589 1366 1656 Zeit-

183 1704 264 1769 alter
286 1704 429 1770 uirlrlich
453 1704 499 1770 als
523 1703 648 1771 Skolien
671 1703 796 1789 godient
818 1702 932 1783 haben,
963 1704 1070 1770 dasle
1099 1703 1133 1770 in
1161 1703 1216 1770 der
1245 1703 1365 1769 heitorn

180 1817 244 1882 und
260 1817 559 1902 ergbtaliohenshrt,
582 1817 640 1883 wie
656 1817 707 1883 ein
722 1816 898 1884 Grundsata
914 1819 967 1882 des
983 1815 1106 1883 hebens
1122 1816 1369 1902 ausgesprochen

179 1929 267 2006 wird,
297 1947 402 2015 grosse
424 1929 645 1997 Aehnliohkeit
674 1931 734 1994 mit
763 1929 825 1995 den
854 1928 981 1994 Skolien
1010 1930 1041 1993 iu
1069 1927 1237 1995 aeolischer
1262 1928 1369 1995 Weiss

180 2041 294 2109 haben.
340 2043 498 2109 Hiernaoh
520 2043 598 2108 wird
621 2027 835 2109 anuunehmen
864 2041 940 2119 sein,
972 2041 1044 2107 dass
1072 2041 1156 2108 disse
1178 2041 1290 2108 Liedor
1312 2062 1368 2107 aur

182 2154 251 2221 Zoit
273 2156 328 2221 dor
352 2155 503 2242 Tragiher
525 2175 582 2222 aus
606 2155 824 2222 hberlieferten
841 2153 1000 2238 Spruohen
1023 2154 1077 2220 der
1100 2155 1218 2221 alteren
1233 2155 1363 2221 Weisen

177 2269 211 2333 in
235 2266 285 2335 dio
308 2268 402 2333 Form
427 2287 488 2333 von
513 2267 640 2334 Skolien
663 2268 815 2354 gebracht
836 2266 960 2333 worden
982 2262 1080 2333 sind'.

282 2381 369 2447 Haeo
398 2381 496 2466 igitur
517 2358 661 2462 Mueller,
699 2380 753 2463 qui
775 2380 931 2446 Lohonom
960 2398 996 2444 ea
1024 2379 1162 2444 carmina
1190 2397 1363 2462 uon-com·

178 2493 317 2580 posuisse
345 2497 427 2559 recte
455 2493 630 2575 intellexit,
660 2496 712 2560 scd
736 2512 814 2576 quae
838 2492 876 2558 de
899 2491 1031 2558 metrica
1053 2491 1277 2584 compositione
1300 2492 1366 2558 dis·
1503 2477 1506 2483 ⁵

178 2606 302 2691 putarit
325 2624 462 2690 quaeque
485 2609 522 2672 de
546 2607 660 2689 aetate,
702 2624 821 2690 quasa
848 2606 986 2672 carmina
1014 2608 1082 2671 orta
1105 2606 1188 2685 suut,
1218 2605 1361 2689 exposuit

176 2738 214 2784 ea
236 2718 392 2784 reicienda
415 2737 481 2784 esse
504 2722 645 2802 apparet.
683 2719 783 2784 multo
805 2718 920 2784 rectius
943 2717 1026 2782 enim
1049 2717 1161 2782 horum
1185 2717 1360 2784 carminum

175 2832 328 2915 originem
351 2833 389 2899 ad
413 2832 528 2898 saeculi
550 2832 652 2916 quinti
675 2830 804 2896 initium
827 2829 952 2895 rettulit
975 2829 1011 2895 Ε.
1035 2830 1204 2896 aLoutsoh
1228 2831 1358 2915 (Philol.

174 2945 264 3011 XXX
282 2945 369 3028 134),
392 2964 464 3010 curn
487 2945 594 3010 omnia
616 2962 676 3010 uno
701 2947 868 3026 eodemque
883 2944 993 3023 metro,
1017 2942 1205 3009 Anacreonti
1221 2943 1358 3008 maxime

175 3058 301 3138 usitato,
325 3057 390 3123 sint
413 3058 587 3141 conscripta
609 3060 701 3142 atque
724 3058 806 3123 idem
830 3056 921 3122 sitin
937 3053 1197 3120 omnibussermo
1214 3059 1357 3121 veterum

178 3167 364 3236 Atticorum.

278 3282 373 3350 Porro
403 3283 431 3350 si
459 3302 599 3368 quaeras,
634 3288 741 3350 utrum
774 3281 851 3349 haec
888 3282 1026 3350 carmina
1059 3284 1191 3352 conficta
1224 3283 1288 3348 sint
1323 3302 1360 3348 ex

177 3393 358 3475 sententiis,
389 3416 467 3480 quae
498 3398 590 3481 vulgo
620 3397 739 3480 septem
762 3397 827 3462 illis
851 3396 1045 3482 sapientibus
1070 3396 1298 3476 tribuebantur,
1323 3413 1363 3461 an

177 3505 274 3572 soolia
297 3507 427 3591 antiqua
450 3510 504 3576 diu
526 3510 589 3575 iam
614 3510 720 3594 populi
743 3529 794 3576 ore
817 3508 985 3586 celebrata,
1010 3510 1153 3592 equidem
1176 3509 1269 3576 alteri
1292 3529 1363 3574 sen·

179 3620 298 3687 tentiae
321 3639 383 3686 non
407 3623 514 3688 dubito
538 3626 691 3689 accedere.
721 3622 801 3689 nihil
825 3622 965 3688 enimin
989 3621 1123 3706 singulis
1147 3625 1193 3686 est
1216 3623 1363 3688 carmini·

177 3732 245 3814 bus,
268 3737 350 3819 quod
373 3736 412 3802 ad
436 3738 523 3801 certa
545 3737 697 3819 quaedam
719 3736 841 3819 septem
864 3735 1039 3818 sapientum
1061 3738 1226 3818 praecepta
1257 3735 1365 3801 referri

175 3830 277 3930 'possa
302 3848 355 3930 (of.
378 3848 516 3913 nausson
540 3847 655 3915 Purra.
679 3848 769 3915 xxx
794 3848 856 3916 133
879 3846 951 3933 sq).

280 3958 366 4040 Quae
389 3977 459 4024 oum
484 3958 531 4025 ita
552 3960 627 4036 sint,
652 3960 715 4027 iarn
738 3980 798 4044 quo
821 3959 913 4026 modo
936 3940 1057 4027 factum
1084 3961 1136 4040 sit,
1163 3960 1200 4027 ut
1229 3962 1366 4028 carmina

169 4070 227 4138 illa
258 4072 378 4155 septem
408 4070 602 4154 sapientibus
632 4071 856 4159 tribuerentur,
886 4073 1060 4156 inquirenti
1084 4073 1159 4139 naso
1181 4073 1260 4139 mihi
1284 4076 1366 4139 nata

170 4185 218 4250 est
247 4186 436 4251 coniectura.
460 4186 627 4268 postquam
650 4184 788 4251 invaluit
810 4187 838 4252 is
860 4204 928 4252 mos
952 4184 1099 4252 inlibris
1123 4185 1363 4265 conscribendis,

170 4297 205 4361 ut
236 4297 296 4364 viri
326 4298 404 4364 olari
433 4299 471 4365 dc
504 4297 670 4381 aliquare
701 4300 734 4366 in
763 4299 916 4366 conuiuiis
945 4299 1029 4365 inter
1050 4319 1082 4364 se
1107 4297 1306 4382 disputantes
1329 4302 1360 4364 et

168 4407 425 4497 philosophantes
459 4411 663 4496 fingerentur,
694 4414 769 4481 talia
798 4412 895 4485 etiam
922 4414 1043 4501 septam
1071 4410 1257 4496 sapientum
1289 4429 1362 4482 oon·

1166 4515 1198 4570 7*
