3120 4966
673 381 884 446 ..ςγ-

189 571 321 655 (Comm.
346 572 384 636 de
400 572 538 639 Graecae
559 571 661 653 poesis
685 569 816 636 melicae
839 572 1007 656 generibus
1030 591 1059 655 p.
1075 572 1130 655 24)
1155 570 1252 638 ecclia
1274 572 1373 658 signi·

186 683 275 748 ficari
296 683 399 765 putat.
422 683 476 748 sed
492 701 590 765 neque
606 685 703 748 seclia
719 702 818 766 neque
833 684 897 750 alia
912 686 1051 762 carmina
1065 684 1180 750 melica
1194 683 1372 767 significare

187 796 286 861 veluit
314 795 508 873 Athenaeus;
544 794 641 860 imme
667 795 899 879 intellegendae
928 799 1014 875 sunt
1031 791 1141 880 ‘leges'
1160 797 1374 864 conviviorum

187 903 469 985 moderandarum’‚
503 906 537 973 id
571 908 653 991 quod
686 910 816 991 apparet
848 927 884 974 ex
913 909 1029 975 Athen.
1058 907 1141 996 Xlll
1165 908 1230 975 585
1251 911 1290 988 Β,
1320 910 1374 976 ubi
1493 929 1507 942 ·

188 1019 392 1088 Gnathaenae
413 1021 515 1103 νόμος
538 1022 728 1098 συσσιτικός
749 1020 909 1100 tribuitur,
941 1021 1018 1085 καθ’
1049 1021 1090 1086 ὃν
1118 1021 1169 1086 δεῖ
1198 1010 1277 1099 τούς
1298 1023 1372 1107 ἐρα-

187 1135 266 1209 στάς
295 1131 338 1209 ὡς
367 1131 472 1215 αὐτὴν
495 1133 551 1196 καί
573 1133 634 1215 τὴν
656 1136 826 1217 θυγατέρα
850 1135 997 1216 εἰσιέναι,
1019 1135 1103 1198 κατὰ
1128 1136 1224 1216 ζῆλον
1246 1143 1312 1199 τῶν
1334 1137 1375 1199 τὰ

187 1254 325 1308 τοιαῦτα
347 1243 603 1328 συνταξαμένων
626 1247 833 1329 φιλοσόφων.

291 1355 410 1422 Ultimo
433 1357 496 1420 lece
519 1354 626 1440 paucis
649 1355 729 1421 mihi
758 1357 921 1422 dicendum
945 1376 1013 1423 esse
1035 1356 1162 1424 videtur
1196 1360 1234 1423 de
1256 1358 1370 1437 sociiis,

188 1486 267 1550 quae
299 1486 318 1532 a
351 1467 489 1552 Diogene
523 1467 649 1533 Laertie
687 1469 869 1534 tribuuntur
907 1473 1029 1552 septem
1065 1466 1131 1535 illis
1169 1468 1371 1555 sapientibus.

187 1581 261 1644 sunt
295 1581 401 1644 autern
435 1579 525 1644 haee:
552 1579 809 1647 Thalassius:
835 1589 902 1645 τῶν
924 1579 961 1646 δὲ
990 1579 1163 1669 ᾀδομένων
1185 1579 1271 1648 rives
1292 1576 1372 1650 τάδε

189 1693 285 1776 (φησί
307 1694 427 1775 Λόβων
451 1692 469 1755 ό
493 1688 662 1778 ’Aminei‘

341 1833 382 1894 οὐ
405 1852 436 1894 τι
457 1830 625 1895 τὰπολλὰ
647 1832 707 1915 ἔπη
732 1835 900 1918 φρονίμην
923 1832 1115 1917 ἀπεφήνατο
1139 1831 1248 1914 δόξαν·

340 1943 377 2008 ἕν
399 1966 431 2008 τι
452 1940 573 2027 μάτευε
596 1947 714 2028 σοφόν,

340 2055 376 2120 έν
397 2078 429 2121 τι
450 2057 570 2122 κεδνὸν
595 2058 704 2142 αἱροῦ·

339 2170 479 2246 παύσεις
499 2172 564 2255 γὰρ
588 2170 721 2255 ἀνδρῶν
743 2172 893 2234 κωτίλων
910 2172 1062 2255 γλώσσας
1077 2172 1373 2257 ἀπεραντολόγους.

185 2325 305 2392 suess
328 2326 344 2390 r
366 2326 424 2391 er:
447 2303 520 2390 τοι
537 2326 574 2390 ee
603 2321 778 2413 ᾀδομένων
800 2326 905 2391 αὐτοῦ
928 2326 997 2390 εστι
1019 2324 1113 2393 τινε·

338 2465 592 2547 πεφυλαγμένος
613 2464 722 2549 ἄνδρα
745 2463 885 2530 ἕκαστον
908 2466 980 2549 ὅρα,

339 2576 382 2659 μὴ
406 2576 553 2660 κρυπτὸν
575 2576 674 2659 ἔχθος
697 2575 797 2658 (codd.
821 2576 929 2661 ἔγχος)
952 2577 1037 2661 ἔχων
1057 2577 1188 2663 κραδίη,

340 2688 470 2774 φαιδρῷ
495 2686 559 2773 (σε)
585 2691 773 2773 προσενέπῃ
796 2691 974 2778 προσώπῳ,

338 2804 472 2885 γλῶσσα
494 2799 531 2866 δέ
553 2800 586 2864 οἱ
608 2801 815 2886 διχόμυθος·

337 2913 374 2978 έκ
396 2915 552 2998 μελαίνης
581 2915 705 2999 φρενὸς
725 2917 865 3000 γεγωνῇ.

185 3069 321 3136 Chilonis
350 3068 446 3135 171:
474 3079 542 3134 τῶν
569 3071 606 3134 δὲ
642 3066 816 3158 ᾀδομένων
845 3070 950 3136 αὐτοῦ
978 3069 1119 3155 μάλιστα
1151 3069 1370 3154 εὐδοκίμησεν

287 3183 410 3248 έκεῖνο·

337 3321 375 3387 έν
396 3322 542 3399 λιθίναις
564 3321 700 3398 ἀκόναις
722 3321 740 3385 ό
762 3322 886 3407 χρυσὸς
907 3319 1085 3399 ἐξετάζεται

340 3432 455 3511 διδοὺς
475 3435 626 3518 βάσανον
649 3437 815 3519 φανεράν·

338 3545 375 3610 έν
396 3546 432 3612 δὲ
453 3550 565 3634 χρυσῷ

339 3658 473 3744 ἀνδρῶν
496 3660 635 3745 ἀγαθῶν
656 3680 691 3723 τε
714 3667 825 3722 κακῶν
847 3680 881 3723 τε
904 3668 986 3758 νοός
1008 3657 1102 3723 ἔδωκ’
1126 3658 1269 3743 ἔλεγχον.

183 3795 301 3863 Pittaci
318 3796 334 3861 I
351 3797 408 3863 78:
431 3807 499 3861 τῶν
521 3798 558 3862 δὲ
580 3793 754 3885 ᾀδομένων
776 3797 882 3862 αὐτοῦ
904 3798 1044 3880 μάλιστα
1067 3795 1372 3882 saluntianensis·

337 3935 454 4018 ἔχοντα
477 3936 529 4000 δεῖ
549 3933 646 4012 τόξον
667 3957 702 4000 τε
732 3937 788 4000 καί
811 3936 945 4000 ἰοδόκον
968 3938 1137 4022 φαρέτραν

338 4048 477 4131 στείχειν
498 4049 576 4111 ποτλ
596 4057 692 4131 φῶτα
714 4050 833 4112 κακόν·

334 4159 454 4224 πιστδν
475 4159 539 4244 γὰρ
563 4158 663 4222 οὐδὲν
684 4160 818 4241 γλῶσσα
841 4160 897 4226 διά
919 4163 1080 4246 στόματος

336 4274 430 4336 λαλεῖ
449 4269 637 4355 διχόμυθον
659 4271 782 4356 ἔχουσα
802 4271 924 4359 καρδίᾳ
945 4274 1063 4357 νόημα.

182 4404 307 4475 Biantis
329 4408 345 4475 1
368 4408 427 4477 85:
452 4419 519 4476 τῶν
542 4408 579 4474 δὲ
601 4407 901 4499 ᾀδομένωυαύτοῦ
925 4410 1122 4493 εὐδοκίμησε
1143 4409 1236 4476 τάδε·

1197 4517 1213 4567 7
