3120 4966
611 333 824 397 ..91-

125 520 215 602 (olim
240 520 341 601 174),
376 520 410 585 in
440 538 500 603 quo
534 520 615 586 teste
640 517 896 603 Mommsenio⁴⁶)
933 521 1041 586 eadem
1077 524 1143 587 vita
1174 521 1311 587 Thomas

124 631 274 714 magistri
297 632 423 697 nomine
447 631 599 716 inscripta
621 632 746 716 legitur,
777 630 882 698 verbis
905 631 972 697 illis
996 634 1103 698 addita
1125 638 1199 698 sunt
1221 635 1308 700 haec:

123 745 187 809 ἀπὸ
222 745 259 809 δὲ
287 754 354 809 τῶν
382 735 420 822 ιζ
443 745 581 827 βιβλίων
609 745 674 809 εἰσὶ
711 746 767 808 καὶ
800 746 841 808 τὰ
870 747 1031 828 λεγόμενα
1058 746 1223 831 προσόδια
1256 748 1313 810 καὶ

123 859 305 941 παρθένιαρ
328 864 418 920 πᾶνα
444 858 622 939 (παιᾶνες),
645 857 754 942 ὕμνον
776 854 923 941 (ὕμνοι),
952 856 1180 941 διθυραμβικά
1202 858 1311 942 (διθύ-

124 969 276 1053 ραμβοι),
311 969 427 1032 σκολιὰ
454 969 510 1032 καὶ
536 970 628 1032 ἄλλα.
663 987 741 1050 quae
774 967 870 1034 uerba
902 967 1188 1035 librarium·Suida
1220 988 1313 1034 usum

125 1079 281 1147 addidisse
309 1077 413 1161 Bergk
441 1081 570 1145 coniecit
605 1077 703 1162 (PLG
725 1076 758 1142 1⁴
787 1079 851 1145 368
880 1098 911 1144 n.
935 1080 981 1162 3).
1016 1084 1050 1146 at
1082 1097 1140 1164 ego
1173 1080 1313 1163 suspicor

124 1191 304 1266 librarium,
346 1190 373 1254 si
404 1190 516 1256 Saldae
550 1190 648 1256 verba
681 1190 883 1274 inspexisset,
921 1191 1013 1274 longe
1044 1192 1107 1258 alia
1136 1193 1312 1258 carminum

125 1320 239 1387 genera
260 1306 575 1368 commemoraturum
597 1301 709 1378 fuisse;
741 1321 814 1368 uam
839 1322 874 1368 ea
897 1321 976 1386 quae
996 1305 1142 1387 ascripsit
1163 1303 1312 1370 librarius

127 1435 243 1502 genera
265 1416 296 1481 in
319 1418 377 1484 hac
399 1417 468 1501 ipsa
489 1417 556 1482 vita
583 1416 732 1499 leguntur
760 1416 866 1483 scoliis
888 1417 1042 1500 exceptis,
1066 1435 1160 1499 quam
1183 1415 1221 1481 ob
1245 1434 1313 1483 rem

126 1529 202 1594 haec
232 1529 327 1594 verba
356 1529 385 1595 ei
407 1530 484 1613 ipsi,
518 1529 628 1610 utpote
660 1528 777 1594 homini
804 1528 944 1612 stupido,
978 1529 1032 1611 qui
1060 1548 1159 1612 neque
1182 1529 1314 1596 Suidam

126 1659 224 1723 neque
246 1641 345 1706 alium
369 1659 556 1724 quemquam
579 1639 715 1719 curabat,
742 1639 911 1706 tribuenda
933 1659 1000 1706 esse
1022 1641 1177 1707 uidentur.

230 1777 319 1859 Quod
342 1779 368 1842 si
392 1776 488 1842 verba
510 1776 623 1842 Suidae
646 1796 717 1843 cum
740 1779 815 1860 vita,
848 1797 927 1861 quae
950 1779 1000 1844 est
1022 1778 1055 1845 in
1078 1780 1181 1846 codiee
1204 1780 1313 1846 Vrati·

126 1889 285 1968 duriensi,
303 1906 529 1972 comparamus,
544 1888 686 1954 videmus
699 1891 921 1972 septemdecim
933 1889 1107 1956 carminum
1117 1889 1216 1956 libros
1229 1895 1314 1957 utro·

126 2020 186 2083 que
208 2002 278 2066 loco
301 1999 554 2079 commemorari,
580 2002 713 2080 sedita,
736 2003 783 2080 ut,
807 2020 878 2067 cum
904 2002 987 2086 apud
1011 2002 1139 2069 Suidam
1161 2002 1312 2068 tredecim

126 2113 248 2179 diuersa
260 2113 431 2178 afferantur
442 2112 617 2177 carminum
629 2131 751 2196 genera,
768 2113 866 2180 altero
883 2113 949 2179 loco
965 2132 1076 2180 novem
1092 2115 1312 2180 tautummodo

127 2224 417 2291 commemorentur.
441 2223 474 2288 id
486 2224 568 2306 quod
580 2224 666 2289 facili
679 2227 803 2310 negotio
818 2226 995 2307 explicatur
1009 2225 1064 2304 ita,
1081 2228 1118 2291 ut
1134 2227 1314 2291 statuamus

126 2336 285 2419 duplicem
318 2335 415 2400 fuisse
444 2335 618 2400 carminum
643 2335 881 2402 Pindaricorum
917 2337 1145 2413 recensionem,
1180 2355 1313 2419 quarum

128 2447 341 2514 condicionem
363 2449 396 2513 in
412 2447 595 2514 universum
618 2452 701 2513 recte
724 2448 916 2514 intellexisse
938 2448 1018 2515 mihi
1041 2448 1168 2515 videtur
1186 2448 1312 2514 Boeclrh

131 2561 232 2643 (Pind.
256 2559 291 2623 11
314 2559 334 2622 2
356 2579 387 2643 p.
404 2560 500 2640 556),
524 2558 578 2641 qui
601 2559 660 2625 hoc
681 2562 772 2626 modo
794 2560 980 2643 inutraque
1002 2561 1178 2627 recensione
1200 2578 1315 2644 genera

129 2671 190 2737 sibi
212 2671 409 2754 respondisse
430 2670 560 2737 statuit:

234 2831 263 2894 1.
288 2830 388 2911 ὕμνοι
765 2828 867 2912 ὕμνοι

231 2939 261 3005 2.
286 2947 424 3014 παιᾶνες
768 2947 906 3016 παιᾶνες

233 3052 263 3116 3.
287 3047 508 3134 διθυράμβων
531 3046 561 3114 α’
765 3051 970 3135 διθύραμβοι

230 3163 262 3227 4.
396 3190 412 3228 ι
526 3158 556 3244 β’
766 3159 905 3247 βακχικοί
928 3160 1093 3245 (δράματα
1110 3162 1228 3246 Bergk)

233 3276 262 3340 5.
285 3275 474 3358 προσοδίοιν
497 3269 527 3336 α’
764 3275 928 3359 προσόδια

233 3385 263 3449 6.
368 3413 383 3450 ιι
493 3383 525 3467 β’
767 3384 988 3469 ἐνδρονισμοί
1004 3384 1157 3470 (βακχικοί
1171 3387 1213 3471 Β)

234 3497 264 3561 7.
287 3499 480 3582 παρθενίων
503 3495 534 3562 α’
763 3499 931 3582 παρθένια

233 3606 264 3673 8.
374 3637 390 3675 ιι
499 3605 530 3692 β’
766 3605 1005 3694 δαφνηφορικά

232 3721 264 3786 9.
286 3722 327 3785 τὰ
349 3721 573 3804 κεχωρισμένα
593 3729 661 3784 τῶν
768 3737 874 3801 sparsa
896 3719 930 3785 in
953 3721 1065 3787 ceteris
1088 3722 1253 3805 generibus

285 3833 480 3917 accederetur

235 4069 267 4140 ⁴⁰)
287 4070 327 4125 Cf.
347 4064 465 4124 ‘Scholia
478 4069 607 4126 Germani
625 4070 653 4124 in
666 4070 778 4127 Pindari
791 4072 918 4142 Olympia
937 4088 951 4127 e
970 4072 1059 4127 codice
1072 4071 1200 4126 Caesareo
1215 4071 1316 4126 Vindo-

131 4163 243 4219 boneusi
262 4163 357 4233 edidit,
376 4163 490 4218 aliorum
508 4163 672 4220 scholiorum
686 4165 832 4236 specimina
843 4164 951 4233 adiecit,
969 4167 1147 4236 epistularum
1160 4165 1316 4220 criticorum

131 4259 249 4314 triadem
267 4260 408 4330 praemisit
419 4258 509 4331 Tycha
523 4253 686 4315 Mommsen'
705 4260 796 4316 Kiliae
811 4264 887 4320 laer.
906 4260 987 4316 codex
1007 4260 1041 4315 ad
1059 4260 1224 4315 academiam
1237 4260 1316 4314 Hun-

133 4354 253 4422 garicam
271 4356 451 4410 transmissus
468 4356 520 4411 hoc
536 4359 659 4426 tempore
678 4355 852 4411 vindobonae
868 4371 922 4409 uon
941 4358 1038 4410 exstat.
