3120 4966
702 329 916 395 ..70-

215 518 415 602 aliquantum
444 519 598 583 variatam
630 517 766 599 repetiit.
791 518 885 583 simul
914 535 986 583 vcro
1014 516 1046 581 id
1075 516 1175 599 egisse
1198 514 1332 595 videtur,
1363 517 1399 576 ut

213 629 304 712 binis,
335 648 413 712 quae
441 631 504 694 iam
527 630 699 706 exstabant,
730 629 864 712 strophis
888 629 980 694 binas
1003 632 1179 711 opponeret.
1213 629 1257 692 sic
1278 647 1315 692 ex
1338 643 1400 691 uno

215 743 365 824 quattuor
394 740 476 806 facta
504 743 578 804 sunt
607 739 748 805 carmina
778 742 823 805 ita
851 741 1001 824 disposita
1028 743 1059 806 ot
1082 758 1204 821 conexa,
1236 740 1272 803 ut
1301 756 1398 803 unum

215 853 338 918 efficere
360 854 541 918 viderentur
563 869 673 935 poema
696 871 731 916 ex
761 851 883 917 duabus
912 851 1057 917 binarum
1086 850 1284 933 stropharum
1314 867 1399 914 com·

213 966 349 1048 positum
373 963 525 1048 partibus.

316 1075 404 1155 Quod
427 1075 454 1140 si
477 1075 566 1158 Ilgen
589 1075 775 1159 opinabatur
804 1075 861 1140 hoc
884 1077 948 1141 solo
979 1078 1011 1140 in
1034 1074 1129 1141 scolio
1153 1074 1318 1139 scoliorum
1342 1091 1398 1137 na-

213 1190 317 1253 turam
340 1205 430 1271 posse
453 1186 598 1271 cognosci
619 1187 652 1251 in
676 1206 710 1251 oo
734 1187 848 1265 sitam,
883 1191 920 1251 ut
942 1188 1026 1252 idem
1053 1188 1092 1252 ab
1114 1204 1298 1269 unoquoque
1323 1202 1398 1249 con-

212 1301 285 1365 viva
314 1301 502 1365 tractaretur
531 1302 753 1380 argumentum
781 1299 959 1364 immutatis
982 1300 1108 1363 tantum
1130 1298 1233 1363 verbis
1269 1316 1304 1362 ac
1326 1314 1399 1360 sen·

212 1412 329 1489 tentiis,
353 1411 452 1476 falsus
469 1414 525 1474 est.
549 1429 622 1474 nam
645 1412 677 1475 in
693 1410 799 1475 scoliis
819 1414 982 1492 poetarum
998 1410 1207 1487 Aeolicorum‚
1232 1411 1285 1492 qui
1300 1406 1398 1490 primi

210 1524 269 1589 hoo
297 1524 397 1606 poesis
425 1539 523 1604 genus
552 1521 771 1601 excoluerunt,
806 1522 871 1588 tale
900 1522 974 1606 quid
1004 1521 1137 1605 reperiri
1160 1521 1278 1604 nequit,
1309 1524 1341 1585 et
1370 1519 1398 1584 si

211 1633 407 1700 concedimus
439 1634 570 1700 scolium
598 1635 631 1698 in
663 1633 872 1700 Harmodium
903 1653 937 1700 eo
966 1635 1073 1712 modo,
1109 1653 1169 1717 quo
1197 1634 1287 1716 Ilgen
1316 1631 1397 1711 vult,

212 1748 375 1812 cantatum
406 1763 492 1825 esse,
523 1764 600 1811 num
629 1747 662 1811 id
690 1745 728 1811 ad
752 1748 918 1812 scoliorum
940 1748 1089 1811 naturam
1111 1745 1302 1829 pertinuisse
1331 1747 1397 1809 sta·

210 1858 363 1923 tuendum
388 1859 460 1924 est?
487 1877 589 1923 nonne
612 1856 712 1923 libero
734 1858 970 1924 convivantium
994 1858 1125 1924 arbitrio
1148 1856 1295 1922 relictum
1318 1861 1395 1934 erat,

210 1973 317 2035 utrum
341 1969 412 2050 ille,
446 1971 501 2054 qui
524 1972 557 2036 in
581 1971 726 2038 canendo
743 1975 926 2054 sequeretur
948 1972 1105 2054 primum,
1140 1971 1223 2035 idem
1246 1969 1399 2034 tractaret

210 2082 431 2165 argumentum
454 2083 571 2147 necue?

312 2193 421 2259 Simili
445 2196 537 2260 modo
560 2194 760 2261 iudicandum
784 2196 832 2260 est
855 2195 893 2260 de
916 2195 1021 2260 scoliis
1043 2193 1077 2259 in
1099 2195 1238 2272 Aiacem,
1263 2211 1395 2277 quorum

209 2305 272 2370 tria
295 2306 416 2371 exstare
439 2306 543 2390 opinio
566 2312 628 2372 ost:

361 2455 426 2508 παῖ
449 2446 653 2529 Τελαμῶνος,
676 2441 764 2509 Αλαν
788 2446 939 2530 αἰχμητά,
961 2447 1097 2528 λέγουσί
1117 2461 1154 2508 σε

363 2556 396 2632 ἐς
422 2559 546 2641 Τροΐαν
559 2562 706 2649 ,ἄριστον
728 2556 841 2622 ἐλθεῖν
864 2562 1012 2622 Δαναῶν
1033 2556 1101 2640 μετ’
1121 2553 1276 2642 Ἀχιλλέα.

210 2694 334 2760 deinde:

363 2808 422 2871 τὸν
448 2809 628 2890 Τελαμῶνα
650 2815 793 2890 πρῶτον,
817 2810 947 2870 Αἴαντα
970 2807 1006 2870 δὲ
1029 2807 1187 2887 δεύτερον

363 2918 396 2994 ἐς
422 2921 546 3002 Τροΐαν
568 2921 723 3002 λέγουσιν
746 2918 859 2982 ἐλθεῖν
881 2924 1028 2983 Δαναῶν
1051 2921 1107 2982 καὶ
1125 2913 1330 3002 Ἀχιλλέα35).

209 3056 340 3140 danique
363 3057 471 3122 Alcaei
496 3075 623 3122 versum
645 3056 709 3122 huc
743 3060 884 3139 spectare
912 3060 1026 3139 putant
1054 3059 1331 3120 commemoratum
1353 3052 1395 3119 ab

207 3168 440 3252 Hephaestione
464 3168 521 3234 61:

250 3306 401 3390 Κρονίδα
423 3308 580 3391 βασίληος
601 3309 697 3390 γένος
719 3311 818 3389 Αἶαν,
840 3309 900 3372 τὸν
923 3311 1060 3391 ἄριστον
1082 3307 1153 3372 κῶλ’
1173 3302 1319 3389 Ἀχιλλέα

254 3419 385 3502 (φαῖσιν
407 3418 440 3494 ἐς
466 3420 590 3502 Τροΐαν
612 3428 679 3483 τῶν
702 3424 849 3483 Δαναῶν
871 3419 1011 3502 ἔλθεμεν
1033 3418 1191 3499 supplevit
1214 3417 1329 3500 Bergk,

252 3529 285 3605 ἐς
312 3531 435 3613 Τροΐαν
458 3529 749 3614 λέγουσινῖἐλθεῑν
772 3535 920 3595 Δαναῶν
942 3532 1023 3612 μέτα
1044 3529 1205 3614 Hartung)

210 3683 284 3730 sane
314 3665 493 3731 mirandum
517 3668 566 3732 est
589 3684 696 3732 omnes
727 3667 809 3732 viros
839 3667 946 3732 doctos
976 3667 1171 3732 conclamare
1192 3667 1249 3732 hos
1272 3685 1391 3746 versus,

209 3779 291 3859 quod
314 3780 352 3842 ad
375 3796 502 3843 sensum
525 3780 670 3860 attineat,
695 3778 884 3843 variationes
909 3778 1000 3843 unius
1024 3778 1224 3862 eiusdemque
1247 3779 1291 3843 rei
1315 3797 1393 3845 esse.

208 3906 283 3953 nam
306 3889 337 3952 in
360 3889 463 3972 prima
485 3891 614 3974 stropha
634 3890 766 3956 Aiacem
787 3895 858 3975 post
881 3889 1041 3955 Achillem
1064 3890 1272 3957 fortissimum
1287 3891 1393 3955 virum

208 3999 289 4065 inter
312 4002 435 4068 Danaos
461 4003 558 4069 fuisse
587 4007 681 4085 poeta
710 4004 796 4082 uicit,
827 4005 859 4068 in
883 4002 982 4069 altera
1005 4008 1113 4069 autem
1135 4006 1280 4068 narratur
1301 4003 1394 4068 Tela·

312 4241 342 4308 35)
362 4241 405 4296 Sic
418 4241 520 4295 codices
534 4240 672 4311 praebent.
691 4257 743 4311 quo
756 4245 845 4297 autern
859 4243 917 4297 iure
926 4242 1016 4312 Bergk
1029 4241 1167 4311 scripserit
1179 4241 1256 4309 μετά,
1268 4241 1392 4310 equidem

206 4350 260 4390 non
278 4351 417 4405 perspicuo.
