<?xml version="1.0" encoding="UTF-8"?>
<!DOCTYPE html PUBLIC "-//W3C//DTD XHTML 1.0 Transitional//EN"
    "http://www.w3.org/TR/xhtml1/DTD/xhtml1-transitional.dtd">
<html xmlns="http://www.w3.org/1999/xhtml" xml:lang="en" lang="en">
 <head>
  <title>
</title>
<meta http-equiv="Content-Type" content="text/html;charset=utf-8" />
  <meta name='ocr-system' content='tesseract 3.04.00' />
  <meta name='ocr-capabilities' content='ocr_page ocr_carea ocr_par ocr_line ocrx_word'/>
</head>
<body>
  <div class='ocr_page' id='page_1' title='image "./descoliorumpoes00engegoog_0018.png"; bbox 0 0 3120 4966; ppageno 0'>
   <div class='ocr_carea' id='block_1_1' title="bbox 687 293 881 358">
    <p class='ocr_par' dir='ltr' id='par_1_1' title="bbox 687 293 881 358">
     <span class='ocr_line' id='line_1_1' title="bbox 687 293 881 358; baseline 0.005 -18"><span class='ocrx_word' id='word_1_1' title='bbox 687 293 881 358; x_wconf 65' lang='grc'>,9,-</span> 
     </span>
    </p>
   </div>
   <div class='ocr_carea' id='block_1_2' title="bbox 187 479 1429 3481">
    <p class='ocr_par' dir='ltr' id='par_1_2' title="bbox 187 479 1378 2238">
     <span class='ocr_line' id='line_1_2' title="bbox 190 479 1377 566; baseline 0.001 -21"><span class='ocrx_word' id='word_1_2' title='bbox 190 482 229 545; x_wconf 90' lang='lat' dir='ltr'>de</span> <span class='ocrx_word' id='word_1_3' title='bbox 252 481 358 547; x_wconf 87' lang='lat' dir='ltr'>scoliis</span> <span class='ocrx_word' id='word_1_4' title='bbox 375 479 574 548; x_wconf 81' lang='lat' dir='ltr'>Graecorum’</span> <span class='ocrx_word' id='word_1_5' title='bbox 600 483 750 547; x_wconf 88' lang='lat' dir='ltr'>Dordraci</span> <span class='ocrx_word' id='word_1_6' title='bbox 769 483 860 562; x_wconf 83' lang='lat'>1839,</span> <span class='ocrx_word' id='word_1_7' title='bbox 885 485 938 565; x_wconf 92' lang='lat' dir='ltr'>qui</span> <span class='ocrx_word' id='word_1_8' title='bbox 961 482 1121 566; x_wconf 90' lang='lat' dir='ltr'>complura</span> <span class='ocrx_word' id='word_1_9' title='bbox 1143 482 1240 547; x_wconf 89' lang='lat' dir='ltr'>scolia</span> <span class='ocrx_word' id='word_1_10' title='bbox 1254 482 1377 547; x_wconf 86' lang='lat' dir='ltr'>Latinis</span> 
     </span>
     <span class='ocr_line' id='line_1_3' title="bbox 188 593 1376 678; baseline 0.001 -22"><span class='ocrx_word' id='word_1_11' title='bbox 188 593 328 660; x_wconf 90' lang='lat' dir='ltr'>versibus</span> <span class='ocrx_word' id='word_1_12' title='bbox 357 593 494 659; x_wconf 77' lang='lat' dir='ltr'>reddidit</span> <span class='ocrx_word' id='word_1_13' title='bbox 515 594 804 675; x_wconf 88' lang='lat' dir='ltr'>adnotationesque,</span> <span class='ocrx_word' id='word_1_14' title='bbox 834 612 914 675; x_wconf 91' lang='lat' dir='ltr'>quae</span> <span class='ocrx_word' id='word_1_15' title='bbox 944 596 1111 659; x_wconf 80' lang='lat' dir='ltr'>maximam</span> <span class='ocrx_word' id='word_1_16' title='bbox 1134 597 1256 678; x_wconf 84' lang='lat' dir='ltr'>partem</span> <span class='ocrx_word' id='word_1_17' title='bbox 1279 594 1376 658; x_wconf 87' lang='lat' dir='ltr'>inter-</span> 
     </span>
     <span class='ocr_line' id='line_1_4' title="bbox 187 690 1376 788; baseline -0.002 -18"><span class='ocrx_word' id='word_1_18' title='bbox 187 705 356 788; x_wconf 84' lang='lat' dir='ltr'>pretationi</span> <span class='ocrx_word' id='word_1_19' title='bbox 388 706 572 785; x_wconf 89' lang='lat' dir='ltr'>inserviunt,</span> <span class='ocrx_word' id='word_1_20' title='bbox 604 705 728 771; x_wconf 85' lang='lat' dir='ltr'>adiecit.</span> <span class='ocrx_word' id='word_1_21' title='bbox 753 741 796 754; x_wconf 90' lang='lat'>-</span> <span class='ocrx_word' id='word_1_22' title='bbox 819 706 866 771; x_wconf 89' lang='lat' dir='ltr'>De</span> <span class='ocrx_word' id='word_1_23' title='bbox 889 705 1079 770; x_wconf 80' lang='lat' dir='ltr'>carminibus</span> <span class='ocrx_word' id='word_1_24' title='bbox 1103 705 1318 771; x_wconf 78' lang='lat' dir='ltr'>convivalibus</span> <span class='ocrx_word' id='word_1_25' title='bbox 1342 690 1376 768; x_wconf 79' lang='lat' dir='ltr'>rh</span> 
     </span>
     <span class='ocr_line' id='line_1_5' title="bbox 188 813 1376 901; baseline -0.001 -21"><span class='ocrx_word' id='word_1_26' title='bbox 188 817 372 881; x_wconf 92' lang='lat' dir='ltr'>universum</span> <span class='ocrx_word' id='word_1_27' title='bbox 401 819 466 898; x_wconf 89' lang='lat' dir='ltr'>egit</span> <span class='ocrx_word' id='word_1_28' title='bbox 496 817 579 901; x_wconf 88' lang='lat' dir='ltr'>Aug.</span> <span class='ocrx_word' id='word_1_29' title='bbox 603 818 695 882; x_wconf 84' lang='lat' dir='ltr'>Ferd.</span> <span class='ocrx_word' id='word_1_30' title='bbox 722 816 902 882; x_wconf 86' lang='lat' dir='ltr'>Ribbeck</span> <span class='ocrx_word' id='word_1_31' title='bbox 926 813 1044 883; x_wconf 80' lang='lat' dir='ltr'>‘Ueber</span> <span class='ocrx_word' id='word_1_32' title='bbox 1074 817 1122 882; x_wconf 89' lang='lat' dir='ltr'>die</span> <span class='ocrx_word' id='word_1_33' title='bbox 1152 817 1376 899; x_wconf 82' lang='lat' dir='ltr'>Tafelgostnge</span> 
     </span>
     <span class='ocr_line' id='line_1_6' title="bbox 190 925 1375 1012; baseline 0.001 -21"><span class='ocrx_word' id='word_1_34' title='bbox 190 928 245 991; x_wconf 88' lang='lat' dir='ltr'>der</span> <span class='ocrx_word' id='word_1_35' title='bbox 268 925 427 995; x_wconf 81' lang='lat' dir='ltr'>Griecben’</span> <span class='ocrx_word' id='word_1_36' title='bbox 458 932 490 993; x_wconf 92' lang='lat' dir='ltr'>in</span> <span class='ocrx_word' id='word_1_37' title='bbox 520 929 579 993; x_wconf 95' lang='lat' dir='ltr'>hoc</span> <span class='ocrx_word' id='word_1_38' title='bbox 607 929 687 993; x_wconf 93' lang='lat' dir='ltr'>libro</span> <span class='ocrx_word' id='word_1_39' title='bbox 711 925 973 1012; x_wconf 80' lang='lat' dir='ltr'>‘Mittheilungen</span> <span class='ocrx_word' id='word_1_40' title='bbox 1002 947 1059 994; x_wconf 91' lang='lat' dir='ltr'>aus</span> <span class='ocrx_word' id='word_1_41' title='bbox 1090 926 1375 1012; x_wconf 68' lang='lat' dir='ltr'>edgvardus</span> 
     </span>
     <span class='ocr_line' id='line_1_7' title="bbox 191 1039 1376 1124; baseline 0.001 -21"><span class='ocrx_word' id='word_1_42' title='bbox 191 1076 233 1085; x_wconf 91' lang='lat'>—</span> <span class='ocrx_word' id='word_1_43' title='bbox 257 1039 485 1106; x_wconf 86' lang='lat' dir='ltr'>schriftlichem</span> <span class='ocrx_word' id='word_1_44' title='bbox 508 1041 690 1119; x_wconf 87' lang='lat' dir='ltr'>Nachlasse,</span> <span class='ocrx_word' id='word_1_45' title='bbox 713 1042 898 1124; x_wconf 88' lang='lat' dir='ltr'>herausgeg.</span> <span class='ocrx_word' id='word_1_46' title='bbox 923 1060 982 1106; x_wconf 95' lang='lat' dir='ltr'>von</span> <span class='ocrx_word' id='word_1_47' title='bbox 1005 1042 1124 1107; x_wconf 84' lang='lat' dir='ltr'>Friedr.</span> <span class='ocrx_word' id='word_1_48' title='bbox 1148 1041 1288 1107; x_wconf 76' lang='lat' dir='ltr'>Ribbeck</span> <span class='ocrx_word' id='word_1_49' title='bbox 1310 1041 1376 1104; x_wconf 90' lang='lat' dir='ltr'>und</span> 
     </span>
     <span class='ocr_line' id='line_1_8' title="bbox 190 1149 1376 1236; baseline 0.001 -22"><span class='ocrx_word' id='word_1_50' title='bbox 190 1150 307 1216; x_wconf 84' lang='lat' dir='ltr'>Friedr.</span> <span class='ocrx_word' id='word_1_51' title='bbox 321 1149 412 1217; x_wconf 87' lang='lat' dir='ltr'>Zelle’</span> <span class='ocrx_word' id='word_1_52' title='bbox 427 1153 531 1218; x_wconf 86' lang='lat' dir='ltr'>Berol.</span> <span class='ocrx_word' id='word_1_53' title='bbox 547 1151 630 1219; x_wconf 90' lang='grc'>1848</span> <span class='ocrx_word' id='word_1_54' title='bbox 653 1174 682 1236; x_wconf 89' lang='lat' dir='ltr'>p.</span> <span class='ocrx_word' id='word_1_55' title='bbox 699 1151 912 1235; x_wconf 79' lang='lat' dir='ltr'>loo-170⁴).</span> <span class='ocrx_word' id='word_1_56' title='bbox 937 1153 1012 1231; x_wconf 90' lang='lat' dir='ltr'>iam,</span> <span class='ocrx_word' id='word_1_57' title='bbox 1028 1156 1064 1218; x_wconf 89' lang='lat' dir='ltr'>ut</span> <span class='ocrx_word' id='word_1_58' title='bbox 1076 1159 1253 1235; x_wconf 86' lang='lat' dir='ltr'>temporum</span> <span class='ocrx_word' id='word_1_59' title='bbox 1266 1170 1376 1234; x_wconf 88' lang='lat' dir='ltr'>sequar</span> 
     </span>
     <span class='ocr_line' id='line_1_9' title="bbox 191 1262 1376 1347; baseline 0 -21"><span class='ocrx_word' id='word_1_60' title='bbox 191 1262 339 1344; x_wconf 82' lang='lat' dir='ltr'>ordinem,</span> <span class='ocrx_word' id='word_1_61' title='bbox 370 1265 497 1329; x_wconf 90' lang='lat' dir='ltr'>nomino</span> <span class='ocrx_word' id='word_1_62' title='bbox 524 1264 805 1347; x_wconf 88' lang='lat' dir='ltr'>Hartungium,</span> <span class='ocrx_word' id='word_1_63' title='bbox 838 1265 892 1347; x_wconf 85' lang='lat' dir='ltr'>qui</span> <span class='ocrx_word' id='word_1_64' title='bbox 919 1264 956 1327; x_wconf 90' lang='lat' dir='ltr'>de</span> <span class='ocrx_word' id='word_1_65' title='bbox 982 1264 1087 1329; x_wconf 88' lang='lat' dir='ltr'>sooliis</span> <span class='ocrx_word' id='word_1_66' title='bbox 1114 1263 1238 1346; x_wconf 86' lang='lat' dir='ltr'>egitir</span> <span class='ocrx_word' id='word_1_67' title='bbox 1265 1264 1376 1345; x_wconf 90' lang='lat' dir='ltr'>operis,</span> 
     </span>
     <span class='ocr_line' id='line_1_10' title="bbox 190 1371 1376 1459; baseline 0.002 -20"><span class='ocrx_word' id='word_1_68' title='bbox 190 1376 240 1440; x_wconf 90' lang='lat' dir='ltr'>oui</span> <span class='ocrx_word' id='word_1_69' title='bbox 273 1375 436 1458; x_wconf 79' lang='lat' dir='ltr'>inscripsit</span> <span class='ocrx_word' id='word_1_70' title='bbox 464 1371 538 1440; x_wconf 80' lang='lat' dir='ltr'>‘Die</span> <span class='ocrx_word' id='word_1_71' title='bbox 571 1375 785 1457; x_wconf 83' lang='lat' dir='ltr'>griechischen</span> <span class='ocrx_word' id='word_1_72' title='bbox 819 1372 957 1458; x_wconf 89' lang='lat' dir='ltr'>Lyriher&#39;</span> <span class='ocrx_word' id='word_1_73' title='bbox 995 1375 1055 1442; x_wconf 90' lang='lat' dir='ltr'>vol.</span> <span class='ocrx_word' id='word_1_74' title='bbox 1086 1375 1142 1439; x_wconf 89' lang='lat' dir='ltr'>lV.</span> <span class='ocrx_word' id='word_1_75' title='bbox 1177 1375 1261 1459; x_wconf 86' lang='lat' dir='ltr'>Lips.</span> <span class='ocrx_word' id='word_1_76' title='bbox 1294 1375 1376 1441; x_wconf 88' lang='grc'><strong>1856</strong></span> 
     </span>
     <span class='ocr_line' id='line_1_11' title="bbox 188 1483 1377 1570; baseline -0.002 -18"><span class='ocrx_word' id='word_1_77' title='bbox 188 1507 218 1570; x_wconf 91' lang='lat' dir='ltr'>p.</span> <span class='ocrx_word' id='word_1_78' title='bbox 248 1485 430 1563; x_wconf 75' lang='lat' dir='ltr'>vno-240,</span> <span class='ocrx_word' id='word_1_79' title='bbox 467 1507 538 1552; x_wconf 89' lang='lat' dir='ltr'>oum</span> <span class='ocrx_word' id='word_1_80' title='bbox 568 1487 634 1552; x_wconf 92' lang='lat' dir='ltr'>iam</span> <span class='ocrx_word' id='word_1_81' title='bbox 655 1505 736 1551; x_wconf 91' lang='lat' dir='ltr'>anno</span> <span class='ocrx_word' id='word_1_82' title='bbox 762 1487 845 1552; x_wconf 88' lang='grc'>1846</span> <span class='ocrx_word' id='word_1_83' title='bbox 876 1488 908 1551; x_wconf 94' lang='lat' dir='ltr'>in</span> <span class='ocrx_word' id='word_1_84' title='bbox 933 1483 1055 1552; x_wconf 81' lang='lat' dir='ltr'>‘Diario</span> <span class='ocrx_word' id='word_1_85' title='bbox 1089 1489 1267 1552; x_wconf 87' lang='lat' dir='ltr'>litterarum</span> <span class='ocrx_word' id='word_1_86' title='bbox 1295 1486 1377 1552; x_wconf 90' lang='lat' dir='ltr'>anti·</span> 
     </span>
     <span class='ocr_line' id='line_1_12' title="bbox 190 1595 1377 1683; baseline 0.002 -21"><span class='ocrx_word' id='word_1_87' title='bbox 190 1595 329 1680; x_wconf 86' lang='lat' dir='ltr'>quarum&#39;</span> <span class='ocrx_word' id='word_1_88' title='bbox 368 1618 398 1680; x_wconf 91' lang='lat' dir='ltr'>p.</span> <span class='ocrx_word' id='word_1_89' title='bbox 428 1596 494 1663; x_wconf 78' lang='lat'>564</span> <span class='ocrx_word' id='word_1_90' title='bbox 522 1617 570 1681; x_wconf 88' lang='lat' dir='ltr'>sq.</span> <span class='ocrx_word' id='word_1_91' title='bbox 603 1617 674 1663; x_wconf 86' lang='lat' dir='ltr'>suas</span> <span class='ocrx_word' id='word_1_92' title='bbox 704 1600 741 1663; x_wconf 93' lang='lat' dir='ltr'>de</span> <span class='ocrx_word' id='word_1_93' title='bbox 772 1598 829 1663; x_wconf 91' lang='lat' dir='ltr'>hoc</span> <span class='ocrx_word' id='word_1_94' title='bbox 859 1601 1028 1663; x_wconf 88' lang='lat' dir='ltr'>carminum</span> <span class='ocrx_word' id='word_1_95' title='bbox 1057 1618 1171 1683; x_wconf 87' lang='lat' dir='ltr'>genere</span> <span class='ocrx_word' id='word_1_96' title='bbox 1206 1598 1377 1664; x_wconf 85' lang='lat' dir='ltr'>sententias</span> 
     </span>
     <span class='ocr_line' id='line_1_13' title="bbox 187 1708 1378 1794; baseline 0.001 -21"><span class='ocrx_word' id='word_1_97' title='bbox 187 1708 327 1774; x_wconf 88' lang='lat' dir='ltr'>breviter</span> <span class='ocrx_word' id='word_1_98' title='bbox 349 1709 544 1791; x_wconf 79' lang='lat' dir='ltr'>explicasset,</span> <span class='ocrx_word' id='word_1_99' title='bbox 574 1712 668 1792; x_wconf 86' lang='lat' dir='ltr'>atque</span> <span class='ocrx_word' id='word_1_100' title='bbox 696 1710 809 1774; x_wconf 88' lang='lat' dir='ltr'>ultimo</span> <span class='ocrx_word' id='word_1_101' title='bbox 839 1711 905 1775; x_wconf 91' lang='lat' dir='ltr'>loco</span> <span class='ocrx_word' id='word_1_102' title='bbox 927 1729 1008 1788; x_wconf 92' lang='lat' dir='ltr'>eum,</span> <span class='ocrx_word' id='word_1_103' title='bbox 1039 1711 1092 1792; x_wconf 92' lang='lat' dir='ltr'>qui</span> <span class='ocrx_word' id='word_1_104' title='bbox 1122 1709 1291 1787; x_wconf 84' lang='lat' dir='ltr'>novissime</span> <span class='ocrx_word' id='word_1_105' title='bbox 1314 1712 1378 1794; x_wconf 87' lang='lat' dir='ltr'>egit</span> 
     </span>
     <span class='ocr_line' id='line_1_14' title="bbox 188 1817 1377 1906; baseline -0.001 -20"><span class='ocrx_word' id='word_1_106' title='bbox 188 1824 225 1886; x_wconf 93' lang='lat' dir='ltr'>de</span> <span class='ocrx_word' id='word_1_107' title='bbox 250 1822 359 1886; x_wconf 86' lang='lat' dir='ltr'>eadem</span> <span class='ocrx_word' id='word_1_108' title='bbox 382 1840 426 1899; x_wconf 90' lang='lat' dir='ltr'>re,</span> <span class='ocrx_word' id='word_1_109' title='bbox 450 1821 502 1885; x_wconf 81' lang='lat' dir='ltr'>vr.</span> <span class='ocrx_word' id='word_1_110' title='bbox 526 1821 755 1901; x_wconf 87' lang='lat' dir='ltr'>Runckium,</span> <span class='ocrx_word' id='word_1_111' title='bbox 778 1821 887 1886; x_wconf 92' lang='lat' dir='ltr'>libello</span> <span class='ocrx_word' id='word_1_112' title='bbox 916 1817 979 1886; x_wconf 78' lang='lat' dir='ltr'>‘De</span> <span class='ocrx_word' id='word_1_113' title='bbox 1008 1823 1174 1887; x_wconf 86' lang='lat' dir='ltr'>scoliorum</span> <span class='ocrx_word' id='word_1_114' title='bbox 1203 1823 1322 1906; x_wconf 90' lang='lat' dir='ltr'>origine</span> <span class='ocrx_word' id='word_1_115' title='bbox 1345 1822 1377 1887; x_wconf 89' lang='grc'>01</span> 
     </span>
     <span class='ocr_line' id='line_1_15' title="bbox 187 1928 1376 2016; baseline 0.002 -21"><span class='ocrx_word' id='word_1_116' title='bbox 187 1928 266 2010; x_wconf 91' lang='lat' dir='ltr'>usn’,</span> <span class='ocrx_word' id='word_1_117' title='bbox 291 1933 447 1998; x_wconf 87' lang='lat' dir='ltr'>dissertat.</span> <span class='ocrx_word' id='word_1_118' title='bbox 465 1932 624 2011; x_wconf 69' lang='lat' dir='ltr'>Rostoch,</span> <span class='ocrx_word' id='word_1_119' title='bbox 646 1932 680 1996; x_wconf 95' lang='lat' dir='ltr'>in</span> <span class='ocrx_word' id='word_1_120' title='bbox 695 1934 798 1998; x_wconf 92' lang='lat' dir='ltr'>lucem</span> <span class='ocrx_word' id='word_1_121' title='bbox 815 1933 898 1998; x_wconf 90' lang='lat' dir='ltr'>edito</span> <span class='ocrx_word' id='word_1_122' title='bbox 915 1934 1055 1998; x_wconf 90' lang='lat' dir='ltr'>Berolini</span> <span class='ocrx_word' id='word_1_123' title='bbox 1075 1935 1166 2014; x_wconf 84' lang='grc'>1816,</span> <span class='ocrx_word' id='word_1_124' title='bbox 1186 1952 1376 2016; x_wconf 87' lang='lat' dir='ltr'>quamquam</span> 
     </span>
     <span class='ocr_line' id='line_1_16' title="bbox 188 2044 1375 2128; baseline 0.004 -23"><span class='ocrx_word' id='word_1_125' title='bbox 188 2060 305 2120; x_wconf 87' lang='lat' dir='ltr'>vereor,</span> <span class='ocrx_word' id='word_1_126' title='bbox 321 2048 356 2106; x_wconf 91' lang='lat' dir='ltr'>ut</span> <span class='ocrx_word' id='word_1_127' title='bbox 368 2045 434 2108; x_wconf 89' lang='lat' dir='ltr'>ulla</span> <span class='ocrx_word' id='word_1_128' title='bbox 446 2062 482 2108; x_wconf 82' lang='lat' dir='ltr'>ex</span> <span class='ocrx_word' id='word_1_129' title='bbox 493 2044 552 2110; x_wconf 91' lang='lat' dir='ltr'>hac</span> <span class='ocrx_word' id='word_1_130' title='bbox 568 2044 853 2127; x_wconf 71' lang='lat' dir='ltr'>dissertatiuncula,</span> <span class='ocrx_word' id='word_1_131' title='bbox 869 2063 948 2127; x_wconf 90' lang='lat' dir='ltr'>quae</span> <span class='ocrx_word' id='word_1_132' title='bbox 958 2044 1035 2109; x_wconf 91' lang='lat' dir='ltr'>XVI</span> <span class='ocrx_word' id='word_1_133' title='bbox 1051 2046 1229 2110; x_wconf 82' lang='lat' dir='ltr'>continetur</span> <span class='ocrx_word' id='word_1_134' title='bbox 1243 2047 1375 2128; x_wconf 84' lang='lat' dir='ltr'>paginis,</span> 
     </span>
     <span class='ocr_line' id='line_1_17' title="bbox 189 2153 1376 2238; baseline 0.005 -23"><span class='ocrx_word' id='word_1_135' title='bbox 189 2153 342 2219; x_wconf 85' lang='lat' dir='ltr'>redundet</span> <span class='ocrx_word' id='word_1_136' title='bbox 360 2155 480 2220; x_wconf 87' lang='lat' dir='ltr'>utilitas</span> <span class='ocrx_word' id='word_1_137' title='bbox 496 2155 548 2238; x_wconf 88' lang='lat' dir='ltr'>(cf.</span> <span class='ocrx_word' id='word_1_138' title='bbox 561 2155 665 2220; x_wconf 91' lang='lat' dir='ltr'>Hiller</span> <span class='ocrx_word' id='word_1_139' title='bbox 677 2154 709 2218; x_wconf 94' lang='lat' dir='ltr'>in</span> <span class='ocrx_word' id='word_1_140' title='bbox 722 2155 869 2220; x_wconf 91' lang='lat' dir='ltr'>Bursiani</span> <span class='ocrx_word' id='word_1_141' title='bbox 882 2156 994 2220; x_wconf 84' lang='lat' dir='ltr'>Annal.</span> <span class='ocrx_word' id='word_1_142' title='bbox 1012 2157 1072 2220; x_wconf 89' lang='lat' dir='ltr'>vol.</span> <span class='ocrx_word' id='word_1_143' title='bbox 1085 2154 1170 2220; x_wconf 90' lang='lat' dir='ltr'>XIX.</span> <span class='ocrx_word' id='word_1_144' title='bbox 1187 2177 1215 2238; x_wconf 94' lang='lat' dir='ltr'>p.</span> <span class='ocrx_word' id='word_1_145' title='bbox 1231 2157 1291 2221; x_wconf 85' lang='grc'>134</span> <span class='ocrx_word' id='word_1_146' title='bbox 1304 2159 1376 2238; x_wconf 91' lang='lat' dir='ltr'>sq.).</span> 
     </span>
    </p>

    <p class='ocr_par' dir='ltr' id='par_1_3' title="bbox 187 2265 1429 3134">
     <span class='ocr_line' id='line_1_18' title="bbox 294 2265 1377 2350; baseline 0.002 -20"><span class='ocrx_word' id='word_1_147' title='bbox 294 2265 422 2345; x_wconf 90' lang='lat' dir='ltr'>Iamsi,</span> <span class='ocrx_word' id='word_1_148' title='bbox 447 2267 583 2349; x_wconf 90' lang='lat' dir='ltr'>nequid</span> <span class='ocrx_word' id='word_1_149' title='bbox 609 2270 749 2332; x_wconf 90' lang='lat' dir='ltr'>omisisse</span> <span class='ocrx_word' id='word_1_150' title='bbox 778 2266 950 2349; x_wconf 86' lang='lat' dir='ltr'>videamur,</span> <span class='ocrx_word' id='word_1_151' title='bbox 981 2267 1193 2333; x_wconf 87' lang='lat' dir='ltr'>addiderimus</span> <span class='ocrx_word' id='word_1_152' title='bbox 1223 2288 1267 2347; x_wconf 92' lang='lat' dir='ltr'>ea,</span> <span class='ocrx_word' id='word_1_153' title='bbox 1298 2287 1377 2350; x_wconf 90' lang='lat' dir='ltr'>quae</span> 
     </span>
     <span class='ocr_line' id='line_1_19' title="bbox 190 2376 1429 2464; baseline 0.004 -24"><span class='ocrx_word' id='word_1_154' title='bbox 190 2376 292 2441; x_wconf 88' lang='lat' dir='ltr'>Baehr</span> <span class='ocrx_word' id='word_1_155' title='bbox 319 2378 352 2442; x_wconf 91' lang='lat' dir='ltr'>in</span> <span class='ocrx_word' id='word_1_156' title='bbox 374 2378 488 2462; x_wconf 85' lang='lat' dir='ltr'>Paulyi</span> <span class='ocrx_word' id='word_1_157' title='bbox 516 2379 781 2463; x_wconf 81' lang='lat' dir='ltr'>Encyclopaediae</span> <span class='ocrx_word' id='word_1_158' title='bbox 811 2382 870 2446; x_wconf 91' lang='lat' dir='ltr'>vol.</span> <span class='ocrx_word' id='word_1_159' title='bbox 898 2380 952 2445; x_wconf 91' lang='lat' dir='ltr'>Vl.</span> <span class='ocrx_word' id='word_1_160' title='bbox 974 2400 1003 2464; x_wconf 87' lang='lat' dir='ltr'>p.</span> <span class='ocrx_word' id='word_1_161' title='bbox 1028 2381 1088 2444; x_wconf 80' lang='grc'>811</span> <span class='ocrx_word' id='word_1_162' title='bbox 1115 2400 1170 2463; x_wconf 79' lang='lat' dir='ltr'>sq,</span> <span class='ocrx_word' id='word_1_163' title='bbox 1196 2382 1282 2446; x_wconf 92' lang='lat' dir='ltr'>Bode</span> <span class='ocrx_word' id='word_1_164' title='bbox 1298 2377 1375 2445; x_wconf 72' lang='lat' dir='ltr'>‘Ge</span> <span class='ocrx_word' id='word_1_165' title='bbox 1426 2417 1429 2423; x_wconf 93' lang='lat'><em>·</em></span> 
     </span>
     <span class='ocr_line' id='line_1_20' title="bbox 189 2484 1376 2576; baseline 0.002 -23"><span class='ocrx_word' id='word_1_166' title='bbox 189 2488 331 2554; x_wconf 90' lang='lat' dir='ltr'>schichte</span> <span class='ocrx_word' id='word_1_167' title='bbox 367 2484 570 2558; x_wconf 73' lang='lat' dir='ltr'>der&#39;hellen.</span> <span class='ocrx_word' id='word_1_168' title='bbox 606 2489 804 2558; x_wconf 83' lang='lat' dir='ltr'>Dichtkunst&#39;</span> <span class='ocrx_word' id='word_1_169' title='bbox 843 2495 903 2557; x_wconf 91' lang='lat' dir='ltr'>vol.</span> <span class='ocrx_word' id='word_1_170' title='bbox 933 2494 974 2559; x_wconf 91' lang='grc' dir='ltr'>ΙΙ.</span> <span class='ocrx_word' id='word_1_171' title='bbox 1009 2514 1038 2575; x_wconf 89' lang='lat' dir='ltr'>p.</span> <span class='ocrx_word' id='word_1_172' title='bbox 1067 2495 1097 2557; x_wconf 83' lang='grc'>2.</span> <span class='ocrx_word' id='word_1_173' title='bbox 1132 2513 1161 2576; x_wconf 93' lang='lat' dir='ltr'>p.</span> <span class='ocrx_word' id='word_1_174' title='bbox 1195 2492 1376 2576; x_wconf 77' lang='grc'>455-461,</span> 
     </span>
     <span class='ocr_line' id='line_1_21' title="bbox 189 2597 1376 2688; baseline 0.003 -22"><span class='ocrx_word' id='word_1_175' title='bbox 189 2601 289 2667; x_wconf 87' lang='lat' dir='ltr'>Ulrioi</span> <span class='ocrx_word' id='word_1_176' title='bbox 311 2597 513 2668; x_wconf 79' lang='lat' dir='ltr'>‘Geschiohte</span> <span class='ocrx_word' id='word_1_177' title='bbox 542 2607 596 2670; x_wconf 92' lang='lat' dir='ltr'>der</span> <span class='ocrx_word' id='word_1_178' title='bbox 625 2606 738 2669; x_wconf 88' lang='lat' dir='ltr'>hellen.</span> <span class='ocrx_word' id='word_1_179' title='bbox 770 2600 968 2669; x_wconf 87' lang='lat' dir='ltr'>Dichthunst’</span> <span class='ocrx_word' id='word_1_180' title='bbox 995 2607 1054 2669; x_wconf 93' lang='lat' dir='ltr'>vol.</span> <span class='ocrx_word' id='word_1_181' title='bbox 1079 2607 1121 2670; x_wconf 90' lang='lat' dir='ltr'>Il.</span> <span class='ocrx_word' id='word_1_182' title='bbox 1151 2627 1180 2688; x_wconf 92' lang='lat' dir='ltr'>p.</span> <span class='ocrx_word' id='word_1_183' title='bbox 1205 2605 1376 2670; x_wconf 80' lang='grc'>376-386</span> 
     </span>
     <span class='ocr_line' id='line_1_22' title="bbox 188 2715 1377 2800; baseline 0.001 -22"><span class='ocrx_word' id='word_1_184' title='bbox 188 2715 226 2778; x_wconf 91' lang='lat' dir='ltr'>de</span> <span class='ocrx_word' id='word_1_185' title='bbox 250 2715 354 2778; x_wconf 90' lang='lat' dir='ltr'>scoliis</span> <span class='ocrx_word' id='word_1_186' title='bbox 379 2717 598 2797; x_wconf 83' lang='lat' dir='ltr'>exposuerunt,</span> <span class='ocrx_word' id='word_1_187' title='bbox 622 2719 654 2779; x_wconf 89' lang='lat' dir='ltr'>et</span> <span class='ocrx_word' id='word_1_188' title='bbox 684 2734 762 2797; x_wconf 90' lang='lat' dir='ltr'>quae</span> <span class='ocrx_word' id='word_1_189' title='bbox 790 2716 824 2780; x_wconf 92' lang='lat' dir='ltr'>in</span> <span class='ocrx_word' id='word_1_190' title='bbox 847 2716 1054 2799; x_wconf 86' lang='lat' dir='ltr'>Bernhardyi,</span> <span class='ocrx_word' id='word_1_191' title='bbox 1088 2716 1245 2800; x_wconf 90' lang='lat' dir='ltr'>Muelleri,</span> <span class='ocrx_word' id='word_1_192' title='bbox 1273 2717 1377 2782; x_wconf 86' lang='lat' dir='ltr'>Murci</span> 
     </span>
     <span class='ocr_line' id='line_1_23' title="bbox 187 2824 1371 2910; baseline 0.003 -21"><span class='ocrx_word' id='word_1_193' title='bbox 187 2824 381 2909; x_wconf 89' lang='lat' dir='ltr'>aliorumque</span> <span class='ocrx_word' id='word_1_194' title='bbox 409 2828 600 2910; x_wconf 92' lang='lat' dir='ltr'>compendiis</span> <span class='ocrx_word' id='word_1_195' title='bbox 623 2827 771 2892; x_wconf 89' lang='lat' dir='ltr'>historiae</span> <span class='ocrx_word' id='word_1_196' title='bbox 794 2829 976 2893; x_wconf 86' lang='lat' dir='ltr'>litterarum</span> <span class='ocrx_word' id='word_1_197' title='bbox 1000 2828 1190 2894; x_wconf 81' lang='lat' dir='ltr'>Graecarum</span> <span class='ocrx_word' id='word_1_198' title='bbox 1214 2828 1371 2910; x_wconf 88' lang='lat' dir='ltr'>leguntur,</span> 
     </span>
     <span class='ocr_line' id='line_1_24' title="bbox 190 2936 1373 3023; baseline 0.003 -23"><span class='ocrx_word' id='word_1_199' title='bbox 190 2936 242 3000; x_wconf 84' lang='lat' dir='ltr'>vin</span> <span class='ocrx_word' id='word_1_200' title='bbox 264 2937 353 3002; x_wconf 89' lang='lat' dir='ltr'>nobis</span> <span class='ocrx_word' id='word_1_201' title='bbox 377 2941 548 3004; x_wconf 88' lang='lat' dir='ltr'>verendum</span> <span class='ocrx_word' id='word_1_202' title='bbox 572 2940 641 3019; x_wconf 88' lang='lat' dir='ltr'>erit,</span> <span class='ocrx_word' id='word_1_203' title='bbox 668 2960 704 3004; x_wconf 92' lang='lat' dir='ltr'>ne</span> <span class='ocrx_word' id='word_1_204' title='bbox 728 2939 853 3004; x_wconf 91' lang='lat' dir='ltr'>silentio</span> <span class='ocrx_word' id='word_1_205' title='bbox 876 2940 1186 3023; x_wconf 90' lang='lat' dir='ltr'>praetermiserimus,</span> <span class='ocrx_word' id='word_1_206' title='bbox 1217 2941 1299 3023; x_wconf 88' lang='lat' dir='ltr'>quod</span> <span class='ocrx_word' id='word_1_207' title='bbox 1322 2941 1373 3004; x_wconf 91' lang='lat' dir='ltr'>vel</span> 
     </span>
     <span class='ocr_line' id='line_1_25' title="bbox 187 3049 1126 3134; baseline 0.003 -22"><span class='ocrx_word' id='word_1_208' title='bbox 187 3049 319 3114; x_wconf 92' lang='lat' dir='ltr'>alicuius</span> <span class='ocrx_word' id='word_1_209' title='bbox 343 3052 495 3115; x_wconf 90' lang='lat' dir='ltr'>momenti</span> <span class='ocrx_word' id='word_1_210' title='bbox 518 3050 560 3114; x_wconf 90' lang='lat' dir='ltr'>sit</span> <span class='ocrx_word' id='word_1_211' title='bbox 582 3050 614 3113; x_wconf 93' lang='lat' dir='ltr'>in</span> <span class='ocrx_word' id='word_1_212' title='bbox 637 3052 695 3116; x_wconf 91' lang='lat' dir='ltr'>hac</span> <span class='ocrx_word' id='word_1_213' title='bbox 718 3053 898 3134; x_wconf 87' lang='lat' dir='ltr'>quaestione</span> <span class='ocrx_word' id='word_1_214' title='bbox 922 3053 1126 3134; x_wconf 67' lang='lat' dir='ltr'>explicanda}</span> 
     </span>
    </p>

    <p class='ocr_par' dir='ltr' id='par_1_4' title="bbox 188 3161 1374 3481">
     <span class='ocr_line' id='line_1_26' title="bbox 293 3161 1374 3247; baseline -0.002 -20"><span class='ocrx_word' id='word_1_215' title='bbox 293 3161 481 3242; x_wconf 82' lang='lat' dir='ltr'>Sooliorum,</span> <span class='ocrx_word' id='word_1_216' title='bbox 525 3182 604 3244; x_wconf 90' lang='lat' dir='ltr'>quae</span> <span class='ocrx_word' id='word_1_217' title='bbox 641 3163 731 3228; x_wconf 92' lang='lat' dir='ltr'>nobis</span> <span class='ocrx_word' id='word_1_218' title='bbox 769 3165 896 3228; x_wconf 89' lang='lat' dir='ltr'>servata</span> <span class='ocrx_word' id='word_1_219' title='bbox 927 3167 1017 3247; x_wconf 90' lang='lat' dir='ltr'>sunt,</span> <span class='ocrx_word' id='word_1_220' title='bbox 1062 3164 1185 3227; x_wconf 86' lang='lat' dir='ltr'>textum</span> <span class='ocrx_word' id='word_1_221' title='bbox 1222 3161 1374 3246; x_wconf 87' lang='lat' dir='ltr'>praebent</span> 
     </span>
     <span class='ocr_line' id='line_1_27' title="bbox 188 3274 1374 3359; baseline 0.003 -23"><span class='ocrx_word' id='word_1_222' title='bbox 188 3274 313 3354; x_wconf 87' lang='lat' dir='ltr'>praeter</span> <span class='ocrx_word' id='word_1_223' title='bbox 345 3275 514 3357; x_wconf 90' lang='lat' dir='ltr'>Ilgenium,</span> <span class='ocrx_word' id='word_1_224' title='bbox 549 3275 742 3355; x_wconf 88' lang='lat' dir='ltr'>Jacobsium,</span> <span class='ocrx_word' id='word_1_225' title='bbox 778 3275 937 3340; x_wconf 86' lang='lat' dir='ltr'>Grimium</span> <span class='ocrx_word' id='word_1_226' title='bbox 967 3277 999 3355; x_wconf 91' lang='lat' dir='ltr'>ii,</span> <span class='ocrx_word' id='word_1_227' title='bbox 1034 3276 1088 3357; x_wconf 90' lang='lat' dir='ltr'>qui</span> <span class='ocrx_word' id='word_1_228' title='bbox 1121 3278 1227 3358; x_wconf 88' lang='lat' dir='ltr'>poetas</span> <span class='ocrx_word' id='word_1_229' title='bbox 1260 3275 1374 3359; x_wconf 90' lang='lat' dir='ltr'>lyricos</span> 
     </span>
     <span class='ocr_line' id='line_1_28' title="bbox 189 3385 1271 3481; baseline 0.001 -34"><span class='ocrx_word' id='word_1_230' title='bbox 189 3385 320 3450; x_wconf 90' lang='lat' dir='ltr'>edendos</span> <span class='ocrx_word' id='word_1_231' title='bbox 343 3388 540 3481; x_wconf 87' lang='lat' dir='ltr'>curaverunt,</span> <span class='ocrx_word' id='word_1_232' title='bbox 564 3386 701 3467; x_wconf 88' lang='lat' dir='ltr'>Brunck,</span> <span class='ocrx_word' id='word_1_233' title='bbox 726 3387 950 3467; x_wconf 85' lang='lat' dir='ltr'>Schneidewin,</span> <span class='ocrx_word' id='word_1_234' title='bbox 974 3387 1087 3470; x_wconf 86' lang='lat' dir='ltr'>Bergk,</span> <span class='ocrx_word' id='word_1_235' title='bbox 1112 3387 1271 3471; x_wconf 88' lang='lat' dir='ltr'>Hartung.</span> 
     </span>
    </p>
   </div>
   <div class='ocr_carea' id='block_1_3' title="bbox 189 3525 393 3536">
    <p class='ocr_par' dir='ltr' id='par_1_5' title="bbox 189 3525 393 3536">
     <span class='ocr_line' id='line_1_29' title="bbox 189 3525 393 3536; baseline 0.01 -2"><span class='ocrx_word' id='word_1_236' title='bbox 189 3525 393 3536; x_wconf 78' lang='lat' dir='ltr'>n—-.—....</span> 
     </span>
    </p>
   </div>
   <div class='ocr_carea' id='block_1_4' title="bbox 241 3599 1374 3671">
    <p class='ocr_par' dir='ltr' id='par_1_6' title="bbox 241 3599 1374 3671">
     <span class='ocr_line' id='line_1_30' title="bbox 241 3599 1374 3671; baseline 0.004 -20"><span class='ocrx_word' id='word_1_237' title='bbox 241 3603 244 3609; x_wconf 86' lang='lat'>&#39;</span> <span class='ocrx_word' id='word_1_238' title='bbox 292 3601 312 3665; x_wconf 90' lang='lat'>⁴)</span> <span class='ocrx_word' id='word_1_239' title='bbox 331 3599 477 3668; x_wconf 81' lang='lat' dir='ltr'>Scriptoris</span> <span class='ocrx_word' id='word_1_240' title='bbox 495 3615 591 3654; x_wconf 90' lang='lat' dir='ltr'>nornen</span> <span class='ocrx_word' id='word_1_241' title='bbox 604 3601 718 3670; x_wconf 88' lang='lat' dir='ltr'>librique</span> <span class='ocrx_word' id='word_1_242' title='bbox 731 3603 880 3670; x_wconf 88' lang='lat' dir='ltr'>genuinum</span> <span class='ocrx_word' id='word_1_243' title='bbox 893 3602 1006 3655; x_wconf 92' lang='lat' dir='ltr'>titulum</span> <span class='ocrx_word' id='word_1_244' title='bbox 1019 3601 1084 3656; x_wconf 88' lang='lat' dir='ltr'>Otto</span> <span class='ocrx_word' id='word_1_245' title='bbox 1096 3601 1225 3667; x_wconf 83' lang='lat' dir='ltr'>Ribbeck,</span> <span class='ocrx_word' id='word_1_246' title='bbox 1245 3602 1285 3655; x_wconf 92' lang='lat' dir='ltr'>ill.</span> <span class='ocrx_word' id='word_1_247' title='bbox 1304 3602 1374 3671; x_wconf 78' lang='lat' dir='ltr'>prof.</span> 
     </span>
    </p>
   </div>
   <div class='ocr_carea' id='block_1_5' title="bbox 81 3692 1375 3766">
    <p class='ocr_par' dir='ltr' id='par_1_7' title="bbox 81 3692 1375 3766">
     <span class='ocr_line' id='line_1_31' title="bbox 81 3692 1375 3766; baseline 0.004 -21"><span class='ocrx_word' id='word_1_248' title='bbox 81 3741 83 3745; x_wconf 83' lang='lat'><em>.</em></span> <span class='ocrx_word' id='word_1_249' title='bbox 190 3692 271 3762; x_wconf 80' lang='lat' dir='ltr'>Lipa,</span> <span class='ocrx_word' id='word_1_250' title='bbox 297 3693 400 3747; x_wconf 86' lang='lat' dir='ltr'>litteris</span> <span class='ocrx_word' id='word_1_251' title='bbox 424 3693 496 3747; x_wconf 88' lang='lat' dir='ltr'>datis</span> <span class='ocrx_word' id='word_1_252' title='bbox 514 3711 619 3748; x_wconf 88' lang='lat' dir='ltr'>mecum</span> <span class='ocrx_word' id='word_1_253' title='bbox 637 3696 847 3750; x_wconf 86' lang='lat' dir='ltr'>communicavit</span> <span class='ocrx_word' id='word_1_254' title='bbox 865 3696 999 3764; x_wconf 87' lang='lat' dir='ltr'>simulque</span> <span class='ocrx_word' id='word_1_255' title='bbox 1012 3695 1126 3766; x_wconf 56' lang='lat' dir='ltr'>,addidit</span> <span class='ocrx_word' id='word_1_256' title='bbox 1144 3712 1174 3749; x_wconf 85' lang='lat' dir='ltr'>ex</span> <span class='ocrx_word' id='word_1_257' title='bbox 1192 3712 1223 3749; x_wconf 90' lang='lat' dir='ltr'>eo</span> <span class='ocrx_word' id='word_1_258' title='bbox 1241 3696 1312 3750; x_wconf 89' lang='lat' dir='ltr'>libro</span> <span class='ocrx_word' id='word_1_259' title='bbox 1331 3700 1375 3750; x_wconf 90' lang='lat' dir='ltr'>ut·</span> 
     </span>
    </p>
   </div>
   <div class='ocr_carea' id='block_1_6' title="bbox 185 3788 1375 4045">
    <p class='ocr_par' dir='ltr' id='par_1_8' title="bbox 185 3788 1375 4045">
     <span class='ocr_line' id='line_1_32' title="bbox 188 3788 1374 3860; baseline 0.004 -21"><span class='ocrx_word' id='word_1_260' title='bbox 188 3789 251 3855; x_wconf 84' lang='lat' dir='ltr'>pote</span> <span class='ocrx_word' id='word_1_261' title='bbox 271 3788 306 3842; x_wconf 84' lang='lat' dir='ltr'>ad</span> <span class='ocrx_word' id='word_1_262' title='bbox 324 3788 479 3857; x_wconf 85' lang='lat' dir='ltr'>popularem</span> <span class='ocrx_word' id='word_1_263' title='bbox 497 3790 689 3860; x_wconf 85' lang='lat' dir='ltr'>vulgaremque</span> <span class='ocrx_word' id='word_1_264' title='bbox 710 3807 818 3843; x_wconf 86' lang='lat' dir='ltr'>sensnm</span> <span class='ocrx_word' id='word_1_265' title='bbox 842 3790 1043 3845; x_wconf 87' lang='lat' dir='ltr'>accommodato</span> <span class='ocrx_word' id='word_1_266' title='bbox 1061 3790 1133 3843; x_wconf 90' lang='lat' dir='ltr'>nihil</span> <span class='ocrx_word' id='word_1_267' title='bbox 1152 3790 1187 3844; x_wconf 83' lang='lat' dir='ltr'>od</span> <span class='ocrx_word' id='word_1_268' title='bbox 1204 3789 1273 3844; x_wconf 88' lang='lat' dir='ltr'>hanc</span> <span class='ocrx_word' id='word_1_269' title='bbox 1291 3806 1374 3859; x_wconf 84' lang='lat' dir='ltr'>quae·</span> 
     </span>
     <span class='ocr_line' id='line_1_33' title="bbox 186 3881 1375 3954; baseline 0.004 -20"><span class='ocrx_word' id='word_1_270' title='bbox 186 3882 303 3936; x_wconf 84' lang='lat' dir='ltr'>ctionem</span> <span class='ocrx_word' id='word_1_271' title='bbox 321 3881 509 3950; x_wconf 83' lang='lat' dir='ltr'>expediendam</span> <span class='ocrx_word' id='word_1_272' title='bbox 528 3886 585 3952; x_wconf 86' lang='lat' dir='ltr'>pati</span> <span class='ocrx_word' id='word_1_273' title='bbox 604 3901 687 3952; x_wconf 88' lang='lat' dir='ltr'>posse.</span> <span class='ocrx_word' id='word_1_274' title='bbox 707 3884 812 3937; x_wconf 87' lang='lat' dir='ltr'>Nicolai</span> <span class='ocrx_word' id='word_1_275' title='bbox 830 3884 903 3940; x_wconf 85' lang='lat' dir='ltr'>Hist.</span> <span class='ocrx_word' id='word_1_276' title='bbox 922 3886 979 3938; x_wconf 89' lang='lat' dir='ltr'>litt.</span> <span class='ocrx_word' id='word_1_277' title='bbox 1000 3885 1091 3940; x_wconf 88' lang='lat' dir='ltr'>Graec.</span> <span class='ocrx_word' id='word_1_278' title='bbox 1111 3885 1125 3938; x_wconf 94' lang='lat' dir='ltr'>I</span> <span class='ocrx_word' id='word_1_279' title='bbox 1146 3889 1203 3953; x_wconf 78' lang='lat'>112,</span> <span class='ocrx_word' id='word_1_280' title='bbox 1227 3886 1274 3954; x_wconf 92' lang='lat' dir='ltr'>qui</span> <span class='ocrx_word' id='word_1_281' title='bbox 1292 3886 1375 3940; x_wconf 91' lang='lat' dir='ltr'>huius</span> 
     </span>
     <span class='ocr_line' id='line_1_34' title="bbox 185 3975 1101 4045; baseline 0.004 -17"><span class='ocrx_word' id='word_1_282' title='bbox 185 3975 275 4030; x_wconf 91' lang='lat' dir='ltr'>libelli</span> <span class='ocrx_word' id='word_1_283' title='bbox 292 3975 456 4031; x_wconf 84' lang='lat' dir='ltr'>mentionem</span> <span class='ocrx_word' id='word_1_284' title='bbox 474 3976 549 4045; x_wconf 85' lang='lat' dir='ltr'>feeit,</span> <span class='ocrx_word' id='word_1_285' title='bbox 568 3981 596 4032; x_wconf 86' lang='lat' dir='ltr'>et</span> <span class='ocrx_word' id='word_1_286' title='bbox 613 3995 709 4032; x_wconf 88' lang='lat' dir='ltr'>nornen</span> <span class='ocrx_word' id='word_1_287' title='bbox 728 3983 756 4032; x_wconf 90' lang='lat' dir='ltr'>et</span> <span class='ocrx_word' id='word_1_288' title='bbox 774 3978 889 4033; x_wconf 83' lang='lat' dir='ltr'>titulum</span> <span class='ocrx_word' id='word_1_289' title='bbox 907 3980 977 4034; x_wconf 87' lang='lat' dir='ltr'>falso</span> <span class='ocrx_word' id='word_1_290' title='bbox 996 3981 1101 4035; x_wconf 86' lang='lat' dir='ltr'>attulit.</span> 
     </span>
    </p>
   </div>
   <div class='ocr_carea' id='block_1_7' title="bbox 679 4211 884 4221">
    <p class='ocr_par' dir='ltr' id='par_1_9' title="bbox 679 4211 884 4221">
     <span class='ocr_line' id='line_1_35' title="bbox 679 4211 884 4221; baseline 0.015 -3"><span class='ocrx_word' id='word_1_291' title='bbox 679 4211 884 4221; x_wconf 75' lang='lat'>———-.-—-</span> 
     </span>
    </p>
   </div>
   <div class='ocr_carea' id='block_1_8' title="bbox 0 0 1564 4966">
    <p class='ocr_par' dir='ltr' id='par_1_10' title="bbox 0 0 1564 4966">
     <span class='ocr_line' id='line_1_36' title="bbox 0 0 1564 4966; baseline 0 0"><span class='ocrx_word' id='word_1_292' title='bbox 0 0 1564 4966; x_wconf 95' lang='lat' dir='ltr'> </span> 
     </span>
    </p>
   </div>
  </div>
 </body>
</html>
