3120 4966
731 337 940 402 ...26-

243 545 308 592 esee
335 530 539 610 reputamus.¹
570 529 651 611 quod
675 528 703 591 si
726 525 874 592 Cludium
898 525 933 610 (l.
961 543 987 589 ο.
1011 523 1026 588 Ι
1048 545 1079 609 p.
1103 523 1160 605 56)
1183 529 1308 592 secutus
1333 544 1430 591 vocu-

243 637 308 702 lam
326 639 356 703 el
377 639 542 717 deleveris,
566 640 675 704 cadem
697 637 831 704 restabit
853 635 1034 714 difficultas,
1058 636 1182 719 utalia,
1207 656 1285 720 quae
1308 639 1429 720 possint

242 749 374 832 proferri
397 751 606 816 contrahens
629 749 817 816 emendandi
839 749 1009 832 rationem,
1033 748 1193 815 reticeam.
1223 748 1302 814 hene
1325 752 1435 814 eutem

241 861 334 927 huius
355 861 416 928 loci
439 881 566 928 sensum
587 863 744 946 perspexit
759 859 970 939 Oasauhonus,
994 880 1067 926 cum
1089 861 1163 926 haec
1185 860 1352 926 coniceret:
1374 862 1431 924 aod

240 972 318 1037 καθ’
347 975 462 1038 ὅντινα
485 965 548 1039 οὖν
570 977 674 1041 τόπον
696 976 827 1057 τύχοιεν
850 975 952 1049 ὄντες.
987 972 1116 1056 propius
1140 973 1217 1038 adeo
1240 974 1279 1038 ad
1302 973 1428 1038 littera-

239 1103 328 1168 rum,
352 1104 430 1167 quae
452 1086 588 1151 traditae
611 1088 703 1161 sunt,
728 1083 969 1149 similitudinem
992 1085 1124 1150 accessit
1144 1083 1428 1168 Schweighaeuser:

239 1196 295 1259 καὶ
322 1199 406 1260 κατὰ
428 1198 531 1260 τόπον
554 1198 670 1261 όντινα
693 1187 756 1261 οὖν
777 1198 909 1279 τύχοιεν
932 1199 1033 1272 ὄντες.
1063 1197 1098 1261 ai
1120 1196 1185 1262 siue
1207 1195 1301 1262 dubio
1324 1198 1429 1280 legen·

240 1305 316 1370 dum
338 1308 405 1370 est:
446 1309 503 1372 καὶ
524 1309 608 1372 ιιοιτδι
630 1310 733 1374 τόπον
756 1306 857 1372 ὅντιν’
882 1308 934 1371 ἀεὶ
955 1309 1087 1391 τύχοιεν
1109 1311 1222 1388 ὄντες,
1265 1327 1340 1374 nam
1367 1327 1429 1373 una

239 1418 360 1502 syllaba
383 1442 440 1500 ον,
464 1438 542 1501 quae
565 1425 637 1503 post
660 1421 763 1483 τόπον
785 1419 937 1484 facillime
958 1419 1145 1485 intercidere
1167 1419 1286 1501 potuit,
1319 1421 1429 1486 addita

239 1531 377 1612 genuina
398 1531 548 1597 restituta
570 1535 617 1596 est
639 1530 752 1609 lectio,
784 1549 863 1613 quae
890 1533 983 1613 plone
1006 1532 1172 1613 respondet
1194 1533 1356 1597 enuntiato
1378 1552 1433 1596 se-

238 1643 364 1723 quenti:
398 1644 483 1706 όποο
510 1644 626 1727 ἔτυχεν
645 1640 747 1707 εἶναι.
788 1643 868 1709 hanc
894 1644 992 1725 igitur
1022 1645 1232 1709 coniecturam
1265 1644 1428 1727 proposuit

237 1753 350 1819 Runck
372 1755 394 1820 l.
414 1773 439 1818 o.
464 1773 494 1836 p.
521 1755 551 1830 6,
575 1754 628 1836 qui
651 1754 718 1819 sine
740 1773 832 1820 causa
855 1756 1027 1820 necessaria
1049 1757 1147 1820 etiam
1170 1757 1262 1832 ὄντες
1285 1755 1317 1820 iu
1337 1757 1427 1842 ἔχον-

241 1889 294 1943 τες
315 1866 463 1931 mutauit.
488 1855 594 1930 cetera
606 1871 711 1931 autem
723 1867 880 1931 Athenaei
900 1866 994 1932 verba
1010 1885 1071 1931 non
1086 1866 1213 1947 habent,
1237 1886 1315 1949 quae
1331 1867 1428 1933 offen·

238 1978 330 2057 dant,
354 1996 449 2060 quare
471 1977 588 2042 nimius
611 1977 644 2042 in
661 1978 842 2044 coniciendo
865 1977 928 2042 fuit
945 1978 1071 2054 Runck,
1098 1977 1150 2061 qui
1175 1997 1231 2060 pro
1246 1982 1427 2063 γενόμενον

238 2089 363 2171 scripsit
384 2092 481 2172 γένος
503 2091 672 2177 ᾀδόμενον
695 2091 727 2155 ct
742 2091 839 2155 verba
861 2090 929 2154 ἀλλ’
947 2092 1032 2154 ὅπου
1055 2091 1170 2174 ἔτυχεν
1192 2089 1279 2155 εἶναι
1301 2111 1318 2157 e
1340 2093 1426 2175 glos-

236 2203 353 2266 semate
376 2204 450 2266 nata
472 2220 540 2265 esse
563 2202 693 2266 censuit.
735 2221 808 2266 nam
831 2205 901 2284 post
924 2202 1003 2286 μ,θ’
1027 2203 1094 2285 ἅμα
1116 2207 1197 2285 μηθ’
1219 2203 1292 2287 ἑξῆς
1319 2223 1426 2270 ueces-

235 2314 316 2378 sario
338 2313 554 2379 desiderantur
578 2314 672 2378 verba
694 2315 763 2377 ἀλλ’
790 2317 876 2378 ὅπου
899 2314 1014 2398 ἔτυχεν
1036 2311 1140 2396 εἶναι,
1171 2315 1285 2398 quippe
1312 2316 1425 2399 quihus

238 2425 364 2490 demum
389 2425 562 2506 explicetur
584 2425 750 2490 scoliorum
773 2446 897 2494 nomen.

339 2535 422 2616 Quid
455 2536 552 2620 igitur
581 2537 785 2602 Artemonem
819 2541 856 2602 de
890 2538 1057 2603 scoliorum
1091 2539 1215 2604 nomino
1256 2539 1420 2606 tradidisse

235 2647 465 2729 comperimus?
498 2648 560 2712 tria
592 2647 619 2713 is
648 2648 824 2713 carminum
856 2649 1065 2714 convivalium
1088 2668 1204 2733 genera
1227 2651 1324 2716 fuisse
1347 2672 1420 2718 con·

235 2759 354 2835 tendit;
378 2760 443 2823 alia
465 2761 551 2823 enim
574 2760 613 2824 ab
629 2761 780 2825 universis
798 2762 946 2840 convivis,
971 2762 1035 2827 alia
1057 2781 1076 2827 a
1095 2763 1226 2846 singulis
1250 2783 1286 2828 er
1301 2767 1418 2842 ordine,
1473 2832 1476 2836 ,

219 2870 300 2936 alia
336 2890 355 2936 a
391 2871 590 2955 peritioribus
634 2872 851 2938 tantummodo
895 2872 983 2937 nullo
1026 2875 1110 2938 certo
1148 2874 1256 2938 ordine
1293 2882 1418 2941 servato

238 2983 366 3047 cantata
388 3000 463 3047 esse.
498 2987 591 3064 etque
618 2981 704 3047 tertii
728 2983 849 3065 generis
873 2985 1011 3048 carmina
1036 2984 1132 3048 seclia
1159 2986 1317 3067 appellata
1340 3008 1419 3066 esse,

235 3110 306 3157 cum
336 3112 434 3175 neque
461 3093 557 3159 simul
584 3095 621 3159 ah
645 3095 808 3174 omnibus
848 3113 947 3178 nequo
974 3097 1116 3180 deinceps
1148 3100 1336 3182 asingulis‚
1369 3105 1422 3166 sed

236 3207 362 3272 confuso
385 3207 493 3272 ordine
516 3211 610 3291 atque
632 3208 810 3292 interrupta
833 3212 1011 3276 canentium
1033 3212 1113 3276 serie
1137 3215 1176 3279 ab
1198 3231 1260 3277 uno
1283 3213 1421 3277 alterove

236 3318 428 3383 efferrentur.
463 3319 571 3400 itaque
605 3321 667 3384 iam
703 3320 805 3402 primo
838 3323 924 3405 petet
951 3324 1079 3404 aspectu
1103 3325 1307 3388 Artemonem
1339 3321 1423 3387 idern

235 3430 385 3495 statuisse
407 3449 443 3496 ac
467 3431 705 3500 Dicaearchum.
735 3432 790 3498 sed
814 3450 873 3516 quo
897 3434 1009 3500 clarior
1032 3433 1087 3499 fiat
1110 3454 1146 3500 ea
1168 3455 1234 3512 res,
1258 3436 1420 3516 utriusque

233 3540 392 3626 scriptoris
416 3542 510 3606 uerba
532 3561 703 3627 apponamz

379 3654 650 3719 Dicaearchus
1056 3659 1218 3723 Artemo

231 3766 282 3829 ότι
303 3770 378 3850 τρία
400 3768 478 3851 γένη
501 3757 544 3850 ἦν
566 3763 665 3855 ᾠδῶν
852 3778 954 3852 τριῶν
976 3779 1083 3852 γενῶν
1106 3771 1214 3834 ὄντων

229 3877 267 3939 τὸ
282 3875 343 3960 μὲν
358 3879 423 3941 ὑπὸ
438 3883 580 3942 πάντων
591 3876 767 3964 ᾀδόμενον,
852 3869 899 3945 ὧν
913 3883 950 3945 τὸ
966 3882 1027 3964 μὲν
1041 3890 1174 3966 πρῶτον
1186 3873 1238 3967 rim
1254 3884 1326 3966 ὃδὴ
1338 3887 1421 3948 ποίν-

893 4015 951 4069 τοις
964 3990 1063 4081 ,ᾄδειν
1077 3996 1180 4077 νόμος
1197 3985 1249 4080 ἦν,

229 4099 266 4162 τὸ
289 4099 326 4162 δὲ
348 4099 425 4164 καθ’
442 4101 501 4164 ἕνα
524 4100 605 4184 ἑξῆς,
850 4104 887 4166 τδ
898 4104 936 4167 δὲ
952 4103 1120 4190 δεύτερον,
1136 4106 1208 4188 ὃδὴ
1227 4110 1347 4186 πάντες
1358 4110 1420 4193 μὲν

851 4205 943 4299 ᾖδον,
964 4218 1005 4280 οὐ
1020 4220 1087 4302 μὴν
1099 4221 1181 4285 ἀλλά
1194 4242 1232 4302 χε
1249 4225 1333 4285 ιιοτά
1344 4245 1419 4286 τινα

893 4329 1052 4411 περίοδον
1075 4327 1108 4406 ἐξ
1131 4331 1308 4416 ὑποδοχῆς,
