3120 4966
653 330 868 393 ..44-

190 517 414 599 epithalamia,
450 519 513 584 alia
546 521 672 601 epoesi
694 538 781 585 sacra
811 521 878 583 orta
908 522 982 583 sunt
1015 520 1048 583 11
1083 519 1231 600 primitus
1266 537 1374 585 versus

192 629 308 694 heroici
331 630 452 713 legibus
476 630 607 697 astricta
634 635 737 710 erant3
771 633 890 697 melicis
913 649 987 696 vero
1010 630 1110 696 modis
1139 650 1175 696 11
1198 633 1374 713 temporum
1403 680 1405 687 «

190 741 316 806 demum
339 743 470 808 decursu
493 742 732 809 instruebantur
758 743 809 826 (of.
833 744 934 808 Bode
958 743 991 807 11
1018 748 1081 825 lp.
1101 745 1143 809 99
1167 747 1258 826 sqq.).

292 905 471 988 Terpander
504 908 602 992 igitur
634 909 799 990 poetarum
827 907 1051 974 Lesbiacornm
1085 908 1229 991 princeps
1262 907 1373 972 breves

189 1017 263 1082 illas
286 1018 460 1084 cantilenas
482 1021 667 1103 populares,
692 1038 771 1104 quae
793 1020 858 1085 iam
880 1020 953 1084 inde
976 1019 1015 1084 ab
1039 1019 1267 1102 antiquissimis
1292 1021 1373 1084 tem·

88 1156 91 1167 r
190 1130 318 1213 poribus
350 1131 416 1196 sine
445 1132 512 1196 arte
541 1132 573 1196 in
595 1131 750 1197 conviviis¹
778 1133 898 1197 cantari
922 1132 1083 1209 solebant,
1117 1131 1209 1196 iustis
1238 1132 1373 1196 modulis

192 1242 351 1321 instruxit,
379 1245 410 1307 et
434 1246 514 1326 quod
542 1244 662 1309 cithera
690 1246 758 1309 tum
788 1245 926 1326 primum
950 1263 1004 1327 per
1023 1245 1128 1307 totum
1152 1261 1276 1308 carmen
1301 1244 1374 1324 pul·

190 1356 252 1420 sari
268 1359 375 1438 coepta
391 1356 439 1420 111
463 1392 507 1402 -
536 1356 568 1420 id
593 1355 674 1438 quod
697 1355 844 1438 rhythmo
868 1357 1063 1436 σκολιότητα
1086 1354 1243 1436 quandam
1267 1372 1374 1419 versus

190 1467 305 1531 heroici
328 1466 478 1550 gravitati
499 1466 551 1532 vel
574 1467 610 1531 ut
633 1469 678 1532 ita
701 1466 802 1531 dicam
826 1466 991 1550 ὀρθόθητι
1021 1465 1194 1550 oppositam
1222 1467 1374 1532 afferebat

188 1614 230 1624 —
266 1579 345 1642 tales
374 1578 548 1644 cantilenae
574 1580 670 1645 seclia
696 1579 952 1651 nominabantur„
984 1579 1090 1660 itaque
1123 1578 1225 1660 poesis
1260 1580 1376 1649 melica

188 1689 278 1754 initio
308 1689 481 1756 convivalis
508 1689 604 1756 fuisse
627 1690 752 1756 videtur
785 1691 817 1755 et
849 1690 1016 1756 scoliorum
1048 1689 1171 1755 nomine
1203 1691 1374 1772 appellata,

188 1801 296 1885 postea
320 1806 434 1874 autem,
463 1802 523 1886 rel,
551 1807 587 1868 ut
607 1804 721 1868 rectius
744 1804 857 1881 dicam,
885 1781 946 1868 non
973 1802 1073 1869 multo
1098 1807 1169 1886 post
1191 1802 1255 1867 1111
1277 1801 1374 1867 etiam

188 1915 326 1978 carmina
348 1917 485 1996 μελικῶς
508 1915 708 1994 canebantur,
733 1933 827 1996 quam
851 1917 889 1979 ob
912 1934 978 1978 rem
1002 1915 1170 1979 seoliornm
1186 1929 1298 1979 nomen
1315 1933 1376 1980 non

187 2025 323 2116 amplius
346 2025 385 2088 ad
401 2028 500 2090 totam
525 2028 642 2108 poesim
664 2026 812 2091 melioam
834 2026 1038 2102 referebatur,
1062 2026 1117 2090 sed
1141 2027 1179 2091 ad
1195 2026 1374 2092 vetustissi-

187 2154 273 2200 mam
295 2136 316 2199 i.
333 2155 358 2201 e.
383 2137 522 2201 carmina
546 2137 731 2201 convivalia.

188 2381 194 2393 ‚
293 2308 398 2374 Facile
421 2310 526 2374 antem
549 2308 757 2374 demonstrari
779 2309 882 2392 potest
903 2327 1012 2374 revera
1033 2311 1072 2374 ab
1088 2310 1238 2375 Aeolibus
1254 2309 1374 2392 poesim

189 2419 384 2485 convivalem
409 2420 569 2503 inprimis
593 2421 750 2505 excultam
773 2440 848 2485 esse.
872 2420 989 2510 etenim
1013 2420 1039 2484 11
1062 2419 1149 2486 illius
1172 2422 1282 2503 poetae
1306 2439 1374 2486 aar·

187 2534 281 2610 mina,
306 2533 359 2614 qui
381 2531 510 2614 primus,
533 2533 615 2614 quod
639 2532 785 2613 sciamus,
813 2534 845 2597 in
870 2534 953 2597 terra
970 2533 1098 2596 Aeolica
1120 2533 1239 2597 mansit
1262 2552 1372 2616 neque,

187 2647 222 2709 ut
250 2643 428 2726 Terpander
458 2647 489 2708 11
516 2644 629 2722 Arion,
664 2647 695 2709 in
725 2643 909 2709 civitatibus
934 2643 1054 2708 Doricis
1088 2642 1256 2709 maximam
1291 2645 1374 2710 vitae

186 2758 308 2840 partem
331 2756 433 2838 degit,
469 2756 495 2818 si
518 2757 627 2821 Alcaei
650 2758 788 2820 carmina
810 2754 1008 2838 respicimur,
1046 2754 1187 2819 videmus
1216 2746 1372 2822 ea'fnisse
1466 2740 1476 2747 ⁵

185 2871 359 2950 προοίμια,
393 2867 608 2948 reaccenso,
644 2858 801 2951 ἐρωτικά,
836 2871 1040 2949 συμποτικά,
1075 2886 1153 2949 quae
1188 2873 1374 2952 argumenta

186 2979 333 3044 brevibus
362 2979 528 3061 poematiis
561 2979 601 3044 ab
637 2997 697 3043 uno
721 2979 847 3043 tantum
876 2978 1002 3042 homine
1038 2979 1078 3042 ad
1101 2977 1240 3044 citharae
1263 2999 1374 3045 sonum

186 3092 347 3157 cantandis
371 3090 625 3157 absolvebantur.
660 3092 734 3156 haec
764 3092 869 3176 autem
892 3092 1033 3155 carmina
1056 3091 1162 3155 omnia
1192 3098 1262 3173 apte
1284 3095 1374 3175 pote-

185 3207 257 3269 rant
272 3203 303 3268 in
322 3204 423 3285 epulis
439 3202 510 3268 cani
522 3203 554 3265 et
564 3221 673 3267 revera
689 3203 906 3268 cantabantur.
930 3221 1025 3284 quam
1038 3201 1077 3266 ob
1091 3222 1156 3266 rem
1175 3203 1212 3267 de
1223 3202 1373 3268 Aeolibus

185 3317 368 3398 Heraclides
391 3314 542 3379 Ponticus
565 3315 647 3398 apud
670 3314 786 3379 Athen.
810 3313 887 3377 XIV
910 3314 1017 3378 624D
1040 3314 1226 3380 haecdicit:
1251 3316 1375 3380 οἰκεῖον

184 3427 249 3492 ἔστ’
274 3427 387 3502 αὐτοῖς
414 3426 434 3508 ἡ
459 3430 637 3509 φιλοποσία
665 3428 720 3489 καὶ
743 3429 783 3490 τὰ
806 3427 946 3512 ἐρωτικὰ
979 3428 1034 3489 καὶ
1060 3434 1151 3488 πᾶσα
1172 3426 1192 3508 ἡ
1216 3428 1291 3509 περὶ
1315 3427 1374 3508 τὴν

186 3540 316 3603 δίαιταν
346 3543 466 3613 ἄνεσις.
502 3537 576 3620 quid
607 3538 725 3620 igitur?
756 3555 856 3602 nonne
879 3555 988 3602 verum
1011 3537 1143 3619 quodam
1167 3538 1259 3600 modo
1284 3556 1373 3619 prae-

187 3652 281 3734 sagiit
304 3651 461 3735 Hartung,
486 3649 582 3731 quil.
607 3667 632 3713 e.
658 3648 702 3712 Vl
725 3650 743 3713 7
767 3649 800 3712 in
824 3648 906 3713 hunc
929 3651 1055 3713 modum
1078 3647 1268 3730 disputavit:
1301 3642 1375 3713 ‘Die

184 3764 407 3845 Bestimmung
432 3759 698 3842 (deraeolischen
722 3759 841 3841 Poesie)
868 3759 1055 3841 anlangend,
1085 3776 1118 3824 so
1145 3759 1266 3824 soheint
1289 3758 1373 3824 diase

184 3894 280 3960 ganne
296 3875 404 3939 Poesie
428 3876 495 3940 eine
512 3872 708 3954 Tisobpoesie
731 3891 768 3934 zu
787 3872 872 3949 sein,
896 3871 965 3935 weil
987 3870 1036 3935 die
1059 3870 1170 3936 Lieder
1192 3869 1243 3935 bei
1260 3871 1372 3958 Tische

184 4006 255 4051 zum
277 3985 389 4052 Weine
413 4003 571 4071 gesnngen
594 4003 632 4048 zu
655 3984 776 4048 werden
800 3982 962 4048 bestimmt
984 4001 1097 4061 waren,
1124 3985 1185 4048 nnd
1210 3982 1271 4047 alle
1295 3981 1372 4047 mit·

184 4099 334 4164 einander
349 4115 410 4162 von
427 4098 481 4162 der
497 4096 557 4161 Art
573 4095 653 4174 sind,
678 4098 748 4160 dass
770 4094 815 4160 sie
830 4095 863 4158 in
880 4096 981 4160 einem
999 4092 1291 4175 Commercebuche,
1316 4095 1372 4159 vie

183 4212 239 4276 vvir
262 4212 317 4276 das
341 4209 490 4291 heutigen
514 4207 615 4290 Tages
639 4226 676 4271 nu
699 4225 822 4271 nennen
840 4207 971 4290 pflagen,
1002 4205 1069 4270 sich
1096 4209 1153 4288 gut
1177 4204 1369 4271 ausnehmen

182 4324 317 4388 worden.
363 4321 404 4385 Es
432 4321 474 4384 ist
503 4320 557 4384 das
586 4321 651 4384 also
682 4320 747 4382 eine
771 4318 1011 4401 Skolienpoesie,
1040 4317 1097 4381 vie
1130 4335 1162 4380 es
1185 4318 1266 4381 denn
1288 4317 1369 4382 auch
