3120 4966
670 326 886 391 ...63-

641 515 796 599 ἐιιίνομεν
820 518 901 599 μετὰ
922 527 1027 581 ταῦτα

405 630 634 712 κατακείμενοι
657 629 863 710 μαλακώτατ’
880 627 935 691 ἐπὶ
956 618 1131 716 τρικλινίῳΙ

412 742 608 822 Τελαμῶνος
631 737 824 824 οἰμώζοντες
847 736 1041 823 ἀλλήλοις
1064 741 1153 823 μέλη.

184 899 239 964 ubi
265 902 461 984 Τελαμῶνος
483 905 562 984 μέλη
592 905 666 966 sunt
689 902 786 967 scolia
812 903 846 967 in
869 903 1071 968 Telamonem
1094 905 1126 967 et
1147 902 1276 967 Aiacem
1300 919 1374 966 cun-

182 1012 250 1077 tata
275 1009 361 1092 (scol.
391 1012 430 1075 17
454 1013 485 1076 et
511 1013 549 1077 18
573 1014 702 1098 Bergk).
739 1017 832 1095 atque
856 1012 940 1077 idem
963 1012 1070 1097 colligi
1092 1031 1183 1095 posse
1211 1013 1334 1078 videtur
1356 1031 1372 1078 e

182 1123 265 1189 Plat.
288 1124 384 1205 Gorg.
408 1122 531 1188 451h:
563 1122 655 1208 οἶμαι
677 1123 740 1210 γάρ
764 1142 801 1189 σε
825 1126 1003 1208 ἀκηκοέναι
1027 1125 1063 1188 ἐν
1086 1135 1155 1201 τοῖς
1176 1128 1373 1208 συμποσίοις

183 1224 371 1323 ᾀδόντων
395 1238 628 1321 ἀνθρώπων
650 1247 749 1301 τοῦτο
773 1239 810 1300 τὸ
827 1239 970 1318 σκολιόν,
994 1235 1031 1300 ἐν
1046 1226 1071 1323 ᾧ
1088 1241 1373 1321 καταριθμοῦνται

115 1401 116 1405 ,
183 1341 337 1436 ᾅδοντες,
369 1350 420 1412 ὅτι
448 1349 613 1431 ὑγιαίνειν
648 1349 709 1431 μὲν
743 1351 881 1433 ἀριστόν
915 1348 984 1411 ἐστι
1009 1349 1091 1426 κτὲ.,
1126 1347 1209 1412 unde
1242 1347 1372 1430 apparet

183 1477 288 1524 omnes
305 1459 452 1526 convivas
472 1460 568 1525 simul
591 1459 672 1524 illud
688 1461 820 1525 scohum
840 1464 992 1524 cantasse.
1016 1477 1106 1542 porro
1130 1479 1233 1525 nonne
1255 1461 1371 1524 mirum

182 1571 214 1635 in
230 1574 358 1637 modum
374 1572 510 1655 quinque
529 1575 636 1655 seclia,
660 1591 740 1655 quae
759 1574 797 1637 ab
810 1571 971 1637 Athenaeo
988 1573 1088 1655 primo
1104 1572 1172 1637 loco
1188 1572 1371 1651 afferuntur,

183 1701 255 1748 cum
287 1678 413 1766 hymnis
443 1684 638 1750 concinunt?
673 1702 741 1765 qu1s
773 1685 879 1747 autem
908 1682 986 1748 haec
1013 1683 1151 1749 carmina
1180 1684 1275 1749 scolia
1305 1701 1372 1748 esse

56 1881 58 1884 Α
178 1791 403 1874 contenderet,
438 1795 499 1858 nisi
526 1796 608 1859 forte
636 1795 762 1859 fortuna
785 1796 823 1860 ab
841 1794 1002 1860 Athenaeo
1031 1795 1114 1861 inter
1143 1796 1246 1860 cetera
1274 1794 1371 1859 seclia

183 1905 395 1971 afferrentur?
441 1926 629 1989 quamquam
675 1908 757 1972 enim
796 1906 854 1971 hae
892 1905 1110 1972 cantiunculae
1149 1905 1297 1971 differunt
1334 1905 1372 1970 ab

182 2017 322 2100 hymnis
346 2018 400 2099 qui
439 2018 532 2101 vulgo
569 2019 718 2085 dicuntur
752 2038 802 2098 ec,
837 2021 918 2103 quod
951 2019 1106 2084 breviores
1143 2020 1231 2096 sunt,
1267 2023 1373 2083 tamen

183 2130 259 2214 quin
274 2128 314 2195 ab
332 2129 478 2195 omnibus
494 2131 589 2196 simul
612 2132 754 2197 caelatae
777 2132 850 2211 sint,
874 2131 961 2196 nullo
983 2133 1076 2214 pacto
1099 2130 1238 2196 dubitari
1260 2131 1372 2213 potest.
1413 2216 1416 2221 Ι

285 2243 427 2324 Denique
448 2245 475 2308 si
497 2243 704 2309 demonstrari
732 2244 837 2326 potest
870 2244 920 2308 vel
944 2243 1083 2309 carmina
1107 2243 1284 2308 convivalia
1307 2242 1371 2306 ele-

186 2352 273 2436 giaca
302 2353 387 2420 inter
415 2355 513 2420 scolia
542 2356 707 2421 numerata
735 2375 818 2427 esse.
858 2376 919 2421 non
950 2356 1086 2439 amplius
1116 2354 1190 2420 licet
1220 2354 1371 2428 dubitare,

190 2464 258 2545 quin
273 2465 435 2548 quodlibet
451 2485 574 2532 carmen
591 2467 726 2549 lyricum
749 2468 782 2533 in
801 2467 969 2550 symposiis
992 2469 1154 2531 cantatum
1178 2466 1372 2548 appellatum

191 2573 231 2639 sit
251 2576 394 2642 acolium.
421 2581 514 2660 atque
536 2581 619 2644 inter
635 2578 731 2645 stolia
754 2579 793 2644 ab
809 2579 968 2644 Athenaeo
992 2580 1116 2644 servata
1139 2578 1197 2643 hoo
1220 2577 1373 2661 reperitur

186 2686 339 2755 distichon
362 2690 550 2773 elegiacum:

380 2828 466 2911 ἔγχει
489 2830 544 2892 καί
566 2829 713 2910 Κήδωνι,
737 2829 881 2908 διάκονε,
904 2829 981 2911 μηδ’
1006 2828 1179 2910 ἐπιλήθου,

425 2942 455 3004 εί
477 2940 513 3004 δὲ
535 2945 616 3026 χρῇς
639 2942 780 3023 ἀγαθοῖς
803 2941 966 3024 ἀνδράσιν
989 2941 1164 3024 οἰνοχοεῖν.

183 3091 260 3157 falso
284 3095 365 3159 enim
390 3093 480 3173 ilgen
503 3113 532 3176 p.
550 3093 591 3158 95
615 3095 780 3175 descripsit
803 3094 895 3159 huius
918 3094 1066 3159 carminis
1090 3095 1238 3173 metrum,
1262 3112 1372 3176 quam-

183 3222 277 3286 quam
306 3205 398 3288 paulo
426 3209 497 3288 post
524 3207 565 3287 (p.
590 3206 644 3287 97)
671 3206 708 3271 de
737 3225 773 3271 ea
801 3225 834 3271 re
864 3206 1010 3271 dubitans
1039 3207 1105 3289 ipse
1134 3206 1211 3271 haec
1240 3206 1367 3273 adiecit:

185 3311 325 3411 ‘quoties
341 3319 425 3382 certo
449 3317 518 3400 lego
534 3317 690 3382 Athenaei
712 3319 847 3398 textum,
871 3318 964 3383 toties
987 3337 1076 3383 aures
1098 3337 1186 3383 meae
1208 3318 1240 3381 in
1259 3337 1369 3383 nume-

184 3446 255 3491 rum
286 3427 459 3510 elegiacum
488 3425 661 3494 inclinant?
699 3429 820 3511 primus
850 3433 957 3494 autem
986 3450 1002 3493 e
1031 3428 1121 3493 libris
1150 3426 1371 3511 manuscriptis

185 3537 313 3604 distichi
329 3540 463 3604 formam
484 3540 627 3605 restituit
644 3541 781 3606 Dindori
794 3541 827 3604 in
847 3539 982 3604 editione
1000 3539 1156 3604 Athenaei
1171 3560 1190 3604 a
1206 3559 1237 3605 se
1254 3543 1370 3605 curata.

184 3669 220 3717 ac
236 3651 391 3717 distichon
411 3653 584 3717 carminum
600 3654 785 3719 melicorum
800 3654 899 3718 instar
915 3655 1036 3717 cantari
1054 3653 1189 3733 potuisse
1212 3651 1371 3734 colligitur

184 3781 221 3827 ex
234 3763 351 3829 Athen.
368 3764 445 3828 XIV
460 3763 524 3830 620
540 3762 574 3843 O,
599 3783 788 3847 quamquam
805 3763 944 3828 hocloco
960 3781 1022 3828 non
1039 3764 1076 3828 de
1092 3762 1279 3828 carminibus
1296 3780 1370 3826 con·

183 3874 343 3941 rivalibus
366 3875 488 3958 agitur:
513 3879 707 3959 Χαμαιλέων
730 3877 759 3940 δ’
773 3877 809 3941 ἐν
824 3880 868 3963 τῷ
884 3878 960 3960 περὶ
975 3878 1185 3960 Στησιχόρου
1201 3878 1257 3942 καὶ
1269 3877 1371 3963 μελῳ-

184 3987 333 4073 δηθῆναί
354 4005 457 4071 φησιν
479 3988 520 4053 οὐ
544 3990 648 4072 μόνον
669 3984 879 4073 τάὉμήρου,
909 3989 991 4052 ἀλλά
1013 3989 1069 4052 καί
1090 3984 1296 4052 τὰἩσιόδου
1317 3989 1372 4050 καί

179 4092 388 4184 Ἀρχιλόχου,
417 4100 464 4164 ἔτι
487 4100 523 4163 δὲ
538 4103 740 4185 Μιμνέρμου
773 4103 829 4165 καί
855 4099 1068 4165 Φωκυλίδου.
1097 4103 1266 4183 Κλέαρχος
1288 4098 1317 4160 δ’
1335 4097 1371 4162 ἐν

184 4214 228 4296 τῷ
251 4213 401 4300 προτέρω
422 4213 498 4295 περὶ
515 4215 656 4296 γρίφων·
679 4215 719 4276 τὰ
736 4208 939 4298 Ἀρχιλόχου,
963 4216 1075 4296 φησίν,
1100 4211 1118 4275 ὁ
1140 4209 1331 4295 Σιμωνίδης
1353 4209 1370 4272 ό

187 4325 376 4400 Ζακύνθιος
399 4323 527 4400 ἐντοῖς
549 4329 706 4410 θεάτροις
734 4325 788 4390 ἐπὶ
811 4326 935 4410 δίφρου
963 4325 1154 4407 καθήμενος
1180 4320 1370 4410 ἐρραψῴδει
