3120 4966
672 338 886 402 ..96-

186 521 245 588 hoo
268 524 300 589 et
322 522 355 589 in
378 524 491 591 ceteris
513 523 643 589 Pindari
670 523 775 590 scoliis
804 526 982 591 laudantur.
1016 529 1111 608 atque
1134 526 1191 593 hac
1212 527 1246 591 in
1268 547 1311 611 re,
1342 530 1370 593 si

187 635 261 717 quid
295 635 398 716 video,
434 635 614 702 differentia
649 635 802 718 quaedam
836 635 1026 720 conspicitur
1057 638 1141 702 inter
1175 639 1304 705 Pindari
1338 647 1371 706 et

186 745 319 812 Aeolum
335 747 440 826 scolia,
465 747 587 829 quibus,
612 766 689 829 quae
708 748 748 813 ad
764 747 941 828 historiam,
965 767 1032 813 rem
1054 749 1225 832 publicam,
1249 753 1370 834 potum,

186 875 307 923 amores
329 858 540 943 pertinebant,
563 859 614 924 vel
636 862 673 925 ut
695 860 834 926 breviter
856 861 968 940 dicam,
992 862 1151 942 quaelibet
1173 881 1222 927 res
1245 868 1370 948 poterat

185 971 330 1036 tractmi:
353 972 436 1054 apud
459 972 634 1039 Pindarum
658 974 764 1038 autem
788 990 850 1038 non
872 976 939 1038 tam
961 974 1026 1038 late
1048 973 1180 1055 patebat
1201 993 1370 1057 argumen-

185 1085 290 1149 torum
313 1084 459 1150 varietas.
482 1103 582 1166 neque
605 1084 637 1150 id
660 1084 786 1150 mirum.
811 1090 955 1168 namqui
978 1087 1119 1170 longiora
1142 1088 1280 1153 carmina
1297 1105 1367 1153 con·

186 1196 279 1262 debat
308 1214 342 1261 eo
371 1194 511 1280 consilio,
545 1200 582 1261 ut
610 1203 796 1262 canerentur
825 1198 858 1262 in
893 1197 1056 1277 conviviis,
1091 1197 1125 1263 in
1158 1198 1274 1280 quibus
1308 1217 1370 1264 norr

185 1307 321 1388 amplius
343 1324 450 1373 omnes
473 1308 623 1375 convivae
646 1327 682 1372 ex
705 1308 812 1373 ordine
834 1327 947 1391 paucos
971 1329 1080 1400 uersus
1104 1329 1139 1374 ex
1169 1328 1255 1375 more
1284 1311 1368 1397 anti·

185 1437 245 1502 quo
269 1419 309 1485 ad
332 1418 417 1503 lyrae
440 1438 552 1485 sonum
575 1419 759 1500 recitabant,
783 1421 837 1485 sed
859 1421 985 1511 maioris
1004 1421 1055 1488 vel
1077 1421 1207 1486 maximi
1230 1421 1369 1510 ambitus

185 1550 311 1598 carmen
337 1549 460 1597 summa
488 1536 556 1597 arte
587 1534 794 1616 compositum
822 1530 1019 1613 cantabatur,
1048 1534 1075 1598 is
1105 1551 1175 1599 eam
1204 1534 1369 1600 materiam

186 1646 383 1709 tractandam
405 1643 467 1708 sibi
489 1663 612 1709 sumere
635 1644 776 1723 debebat,
800 1663 878 1726 quae
901 1647 940 1711 ad
954 1644 1061 1728 ipsum
1084 1645 1164 1713 illud
1188 1645 1368 1711 convivium

186 1758 350 1838 spectaret.

288 1868 333 1932 Er
366 1867 406 1933 iis
439 1868 548 1953 igitur,
585 1886 665 1949 quae
701 1868 792 1937 modo
827 1867 1069 1950 disputavimus,
1108 1870 1238 1953 apparet
1271 1869 1371 1935 scotia

184 1978 314 2044 Pindari
337 1979 433 2045 fuisse
457 1978 596 2044 carmina
627 1978 800 2045 convivalia
827 1980 970 2065 longiora
998 1981 1261 2067 monostrophica,
1292 2000 1370 2065 quo·

184 2109 255 2155 rum
289 2092 473 2175 argumenta
508 2093 547 2155 ad
581 2094 695 2155 amoris
723 2092 754 2155 et
783 2091 948 2174 epularum
977 2090 1010 2156 in
1044 2091 1154 2174 primis
1189 2093 1368 2176 voluptates

184 2202 394 2285 pertinebant.

676 2357 877 2366 ——-——,.

287 2541 459 2621 Postquam
472 2536 650 2603 Athenaeus
658 2536 777 2622 uiginti
795 2556 848 2602 sen
859 2536 915 2602 illa
930 2537 1035 2614 scolia,
1055 2557 1133 2622 quae
1145 2540 1209 2604 iam
1224 2538 1369 2622 pluribus

184 2652 260 2718 locis
283 2671 302 2718 a
324 2651 414 2717 nobis
437 2652 512 2716 sunt
535 2653 786 2729 commemorata,
818 2649 937 2729 attulit,
966 2653 1012 2717 sic
1033 2651 1136 2735 pergit
1158 2651 1217 2716 XV
1235 2652 1299 2716 696
1325 2652 1369 2716 Ar

185 2766 312 2829 τούτοιν
340 2766 536 2848 λεχθέντων,
566 2763 816 2847 δΔημόιιριτος
842 2763 922 2846 ἔφη·
954 2764 1036 2828 ἀλλὰ
1064 2763 1131 2847 μὴν
1159 2764 1214 2850 καί
1242 2764 1280 2827 τὸ
1303 2764 1369 2827 ὑπὸ

186 2887 244 2940 τοῦ
277 2879 574 2959 πολυμαθεστάτου
607 2876 737 2959 γραφὲν
766 2870 1011 2958 Ἀριστοτέλους
1039 2876 1086 2952 είς
1111 2870 1277 2959 Ἑρμείαν,
1312 2875 1370 2938 τὸν

180 2984 347 3072 Ἀταρνέα,
381 2988 422 3051 οὐ
455 2985 559 3051 παιάν
587 2986 687 3066 έστιν,
723 2985 767 3062 ὡς
795 2987 813 3050 ὁ
843 2987 903 3068 τὴν
933 2997 989 3071 τῆς
1018 2988 1168 3069 ἀσεβείας
1196 2988 1280 3052 κατὰ
1309 2996 1367 3050 τοῦ

185 3100 374 3183 φιλοσόφου
397 3099 534 3183 γραφὴν
557 3095 820 3182 ἀπενεγκάμενος
842 3094 912 3162 είπε
929 3101 1135 3183 Δημόφιλος,
1158 3099 1205 3174 είς
1227 3098 1311 3161 αίδῶ
1334 3119 1368 3162 τε

183 3213 472 3296 παρασκευασθεὶς
494 3209 549 3275 ὑπ’
573 3209 839 3295 Εὐρυμέδοντος,
863 3209 906 3286 ὡς
928 3211 1130 3294 ἀσεβοῦντος
1151 3210 1207 3273 καί
1229 3204 1370 3296 ᾅδοντος

184 3324 220 3389 έν
254 3334 322 3401 τοῖς
349 3326 532 3400 συσσιτίοις
560 3322 720 3407 ὁσημέραι
746 3322 793 3398 είς
820 3323 878 3386 τὸν
900 3317 1057 3407 Ἑρμείαν
1084 3329 1219 3386 παιᾶνα.
1255 3323 1306 3385 ὅτι
1332 3319 1368 3382 δέ

182 3444 324 3513 παιᾶνος
347 3435 507 3518 οὐδεμίαν
530 3435 674 3519 ἔμφασιν
696 3437 832 3519 παρέχει
854 3434 891 3498 τὸ
914 3424 1013 3521 ᾆσμα,
1036 3433 1119 3497 ἀλλὰ
1140 3442 1207 3497 τῶν
1226 3434 1368 3498 σκολιῶν

183 3547 219 3612 ἕν
242 3570 273 3613 τι
295 3550 351 3612 καί
374 3548 456 3613 αὐτὸ
479 3544 567 3624 είδός
589 3547 678 3611 έστιν
701 3544 858 3632 ἐξαυτῆς
885 3557 942 3631 τῆς
970 3544 1085 3622 λέξεως
1113 3547 1260 3629 φανερὸν
1288 3543 1369 3627 ὑμῖν

182 3661 319 3743 ποιήσω.
342 3677 421 3741 quae
444 3659 537 3725 verba
554 3659 617 3724 iam
632 3658 773 3741 sequitur
789 3676 913 3723 carmen
937 3656 1017 3721 illud
1032 3658 1287 3740 pulcherrimum,
1307 3673 1367 3737 quo

184 3771 348 3837 Hermiam
360 3770 530 3837 celebravit
543 3771 740 3838 Aristoteles.
760 3769 934 3836 accuratius
946 3769 1011 3853 egit
1023 3768 1370 3836 dehoccarmineBode

182 3884 204 3949 l.
229 3903 255 3950 c.
271 3883 305 3948 ΙΙ
324 3887 339 3948 1
355 3902 386 3965 p.
402 3883 444 3949 63
467 3902 544 3966 sqq,
564 3882 618 3966 qui
640 3883 672 3947 id
695 3900 819 3948 carmen
834 3881 964 3947 scolium
982 3900 1048 3947 esse
1062 3886 1166 3967 negat.
1189 3896 1290 3964 neque
1312 3898 1370 3964 ege

183 4013 308 4059 carmen
323 3994 454 4060 scolinm
470 3994 712 4079 appellaverim3
737 4012 811 4059 nam
822 3993 1003 4060 Aristotelis
1019 3992 1223 4076 temporibus,
1240 3993 1271 4056 id
1287 3991 1368 4076 quod

183 4106 275 4173 modo
297 4106 470 4186 ostendam,
493 4107 557 4172 iam
575 4109 717 4171 ueterum
738 4106 905 4172 scoliorum
926 4107 1077 4172 memoria
1093 4109 1159 4170 erat
1176 4102 1367 4169 oblitterata.

285 4217 335 4283 Ab
355 4219 516 4285 Athenaeo
539 4219 555 4284 I
578 4219 598 4284 3
620 4218 701 4304 Μ
724 4216 787 4284 186
810 4218 836 4282 Β
860 4218 1034 4294 Aristoteli,
1058 4213 1241 4299 Speusippo,
1266 4214 1368 4280 Xeno·

181 4313 271 4410 orati,
288 4330 475 4412 Xenophani
487 4333 684 4415 συμποτικοί
699 4332 797 4415 νόμοι
809 4328 1003 4410 tribuuntur,
1016 4346 1076 4410 quo
1089 4313 1370 4407 nomineWaltlrer
