3120 4966
661 299 875 364 -89-

183 488 236 572 qui
260 506 365 555 versus
388 489 421 552 in
439 487 569 553 scholiis
587 487 636 553 his
656 487 856 553 illustrantur
879 486 1001 552 verbis:
1024 490 1249 573 Κλειταγόρας
1271 493 1368 572 μέλος

184 604 317 685 λέγουσι
340 603 378 666 τὸ
400 600 447 677 είς
470 600 575 684 αὐτήν
597 603 839 683 Κλειταγόραν,
868 602 939 684 ήτις
960 600 1089 690 ἐγένετο
1111 603 1265 686 ποιήτρια
1291 605 1368 666 dec·

182 715 263 796 ταλή
292 735 344 788 τις,
361 713 447 796 γυνή
478 760 485 777 .
509 759 549 778 ..
578 712 615 776 ἐκ
637 715 774 778 σκολιοῦ
803 715 893 788 τινός
915 712 1014 777 ἐστιν.
1057 713 1136 779 adde
1160 713 1256 779 schol.
1273 712 1368 796 Vesp.

184 845 212 890 v.
231 825 329 890 1239:
348 819 523 910 Ἡρόδικος
546 823 582 887 δὲ
603 823 640 888 ἐν
662 834 731 900 τοῖς
752 825 1030 912 κωμῳδουμένους
1057 828 1113 890 καὶ
1134 826 1194 890 τὸν
1202 822 1369 908 ’Ἀδμητον

184 939 396 1022 ἀναγέγραφε
416 938 581 1021 παραθεὶς
602 936 646 1000 τὰ
666 946 727 1001 τοῦ
751 938 920 1021 Κρατίνου
944 936 981 1000 ἐκ
1004 939 1200 1020 Χειρώνων·
1300 922 1303 926 Δ

338 1049 561 1132 Κλειταγόρας
584 1045 687 1135 ᾄδειν,
712 1049 793 1112 ὅταν
811 1044 974 1132 Ἀδμήτου
998 1051 1095 1131 μέλος
1118 1049 1213 1135 αὐλή.

180 1156 399 1236 Ἀπολλώνιος
443 1160 479 1224 δὲ
523 1160 541 1223 δ
580 1160 753 1243 Χαίριδος,
799 1159 843 1236 ὡς
875 1157 1112 1244 Ἀρτεμίδωρός
1155 1174 1253 1243 φησι,
1296 1160 1371 1242 περὶ

186 1272 245 1354 μὲν
268 1281 324 1354 τής
339 1274 563 1356 Κλειταγόρας
589 1283 647 1356 τής
674 1274 861 1356 ποιητρίας,
895 1274 945 1336 ὅτι
969 1271 1013 1348 ὡς
1035 1273 1257 1355 ἀνδρώνυμον
1290 1272 1369 1335 άνα-

127 1371 129 1374 Α
186 1386 330 1468 γέγραφε
351 1385 594 1468 Κλειταγόραν,
616 1380 801 1468 Ἀμμώνιος
822 1384 990 1468 άπελέγχει
1013 1384 1133 1466 αὐτόν,
1155 1385 1231 1467 περί
1253 1384 1289 1447 δὲ
1310 1393 1370 1448 τοῦ

182 1491 344 1579 Ἀδμήτου
366 1505 530 1580 παρεῖχεν.
555 1495 602 1580 (re
619 1513 694 1560 vere
716 1494 748 1559 id
771 1513 885 1560 nomen
908 1492 1099 1578 mulieris⁴⁵l
1124 1494 1220 1560 fuisse
1243 1498 1370 1589 apparet

187 1625 222 1670 ex
248 1605 409 1687 Aristoph.
438 1606 522 1670 Nub.
552 1625 582 1670 v.
607 1605 693 1686 684).
724 1606 822 1672 schol.
844 1606 974 1686 Lysistr.
999 1628 1028 1673 v.
1054 1607 1153 1672 1237:
1183 1607 1201 1670 ὁ
1232 1607 1269 1671 δὲ
1291 1617 1373 1682 νοῦς

187 1719 236 1782 ὅτι
262 1719 303 1782 τδι
326 1718 460 1782 ἐναντία
481 1720 619 1802 λέγομεν
645 1718 775 1793 ἑαυτοῖς
807 1719 863 1781 καὶ
890 1723 1085 1803 πράττομεν.
1121 1720 1201 1783 ὅταν
1230 1722 1293 1802 γάρ
1324 1741 1373 1794 τις

188 1825 252 1917 ξτση
275 1831 339 1895 άπὸ
362 1839 430 1893 τῶν
452 1832 595 1893 σκολιῶν
619 1829 803 1912 Πινδάρου,
825 1832 964 1912 λέγομεν
987 1830 1037 1894 ὅτι
1059 1828 1118 1894 δεῖ
1131 1832 1257 1913 μάλλον
1278 1827 1373 1917 ᾅδειν

188 1943 252 2006 άπὸ
281 1944 504 2025 Κλειταγόρας
537 1951 594 2024 τής
620 1944 808 2024 ποιητρίας·
841 1941 862 2025 ip
891 1944 954 2025 γὰρ
982 1944 1187 2026 Κλειταγόρα
1219 1944 1373 2027 ποιήτρια

188 2048 230 2135 ἦν
241 2055 429 2138 Λακωνική,
445 2045 483 2138 ἧς
498 2057 657 2138 μέμνηται
673 2055 729 2118 καί
743 2053 780 2117 ἐν
792 2056 958 2117 Δαναΐσιν
971 2050 1219 2138 Ἀριστοφάνης.
1236 2053 1372 2136 Hesych.

189 2184 213 2230 S.
230 2185 258 2231 v.
274 2168 495 2252 Κλειταγόρα·
519 2163 607 2253 ςόδής
628 2188 659 2230 τι
682 2163 770 2242 είδος
791 2167 848 2229 καί
871 2168 1051 2250 (ποιήτρια)
1067 2168 1193 2249 Λεσβία
1215 2168 1371 2250 τὸγένος.

190 2277 229 2345 ci.
253 2276 380 2343 Surdum
403 2298 427 2342 ε.
452 2297 480 2343 v.
504 2281 736 2361 Κλειταγόρα.’
1275 2363 1277 2367 .

292 2390 317 2453 lc
348 2389 464 2454 scholio
499 2389 538 2454 ad
572 2389 791 2472 Aristophanis
827 2390 1033 2472 Lysistratcm
1068 2389 1192 2455 videtur
1224 2408 1374 2473 apparere

190 2501 381 2585 Clitegorem
404 2502 558 2584 poetricm
583 2502 728 2566 Doricam
751 2502 847 2566 scolis
871 2504 1094 2584 composuisse,
1124 2501 1178 2566 scd
1200 2503 1227 2567 si
1250 2501 1373 2567 Aristo·

190 2613 299 2697 phanis
321 2614 424 2678 locum
447 2612 550 2696 ipsum
574 2612 759 2695 inspicimus

829 2725 905 2789 ὥστ’
929 2728 958 2790 εί
976 2728 1040 2809 μέν
1061 2728 1100 2809 γέ
1121 2750 1170 2803 τις

388 2833 465 2925 ᾄδοι
490 2840 695 2922 Τελαμῶνος,
717 2840 942 2920 Κλειταγόρας
970 2832 1063 2924 ᾅδειν
1090 2837 1176 2919 δέον,

190 2949 331 3014 videmus
365 2961 425 3013 non
448 2948 587 3031 poetriae
617 2949 714 3032 ipsius
736 2967 849 3014 nomen
872 2949 1124 3027 commemorari,
1157 2949 1212 3015 sed
1234 2949 1375 3016 mulieris

191 3061 363 3142 cuiusdam,
387 3062 424 3125 de
441 3079 501 3144 que
518 3060 577 3127 hoc
598 3061 693 3125 scolio
717 3060 831 3143 agitur.
858 3079 894 3124 ac
915 3060 1011 3126 simili
1034 3061 1125 3142 plene
1148 3062 1238 3126 modo
1261 3061 1376 3126 dicitur

187 3169 360 3257 Ἀδμήτου,
384 3176 587 3255 Τελαμῶνος,
604 3167 783 3255 Ἀρμοδίου
807 3173 951 3236 σκολιόν.
975 3172 1050 3236 licet
1071 3171 1170 3256 igitur
1190 3174 1375 3239 concedatur

193 3287 323 3350 scolium
345 3284 424 3349 illud
449 3286 602 3366 scriptum
624 3302 691 3348 csse
714 3285 746 3348 in
762 3281 964 3368 Clitegorcm,
987 3286 1094 3349 temen
1111 3303 1171 3350 non
1188 3286 1290 3350 ausim
1304 3303 1376 3350 corr-

193 3398 320 3463 tendere
336 3396 528 3481 Clitagorcm
552 3397 663 3480 ipsam,
687 3413 765 3477 quae
782 3395 932 3461 Laconica
954 3395 1005 3460 uel
1019 3395 1133 3463 Lesbio
1154 3397 1205 3460 vel
1226 3395 1377 3462 Thessala

193 3513 335 3588 uocetur,
369 3509 465 3574 scolie
487 3507 711 3590 composuisse,
735 3526 806 3572 cum
829 3525 890 3572 non
914 3506 1100 3588 habeamus,
1135 3506 1247 3591 quibus
1270 3527 1306 3572 ea
1328 3527 1376 3573 res

194 3623 420 3706 comprobetur,
443 3621 541 3685 testes
564 3619 699 3684 idoncos

635 3808 666 3875 7.
691 3805 922 3892 Bacchylides.

297 3929 520 4014 Bacchylidem
536 3928 685 3995 Iulietem
701 3929 808 4013 Coum,
833 3927 1001 3994 Simonidis
1020 3928 1132 3992 sororis
1148 3927 1258 4005 filium,
1283 3926 1379 3992 scolis

194 4042 348 4126 pepigisse
382 4041 495 4106 diserto
528 4041 664 4123 quodam
693 4031 837 4105 veterum
864 4057 924 4104 non
955 4038 1155 4104 confirmetur
1187 4036 1378 4103 testimonio.

194 4167 400 4178 --.-——·

300 4230 331 4296 ⁴⁵)
350 4229 383 4284 In
402 4228 551 4296 Antholog.
574 4225 632 4280 Pal.
650 4226 705 4281 VII
724 4229 774 4281 657
798 4242 823 4280 v.
847 4232 863 4279 3
886 4224 1008 4280 dubitari
1031 4227 1125 4294 potest,
1150 4226 1241 4278 utrum
1265 4227 1379 4278 Κλειτα-

195 4323 263 4392 γόρᾳ
281 4324 313 4378 δε
333 4325 389 4378 uiro
408 4339 442 4377 cu
461 4321 610 4377 desemine
629 4321 731 4376 dictum
751 4322 797 4377 sit.
