3120 4966
613 351 884 417 ...94-

182 542 358 623 πενιοίηται
378 540 461 626 πρὸς
482 543 541 618 τὰς
563 542 704 624 ἑταίρας,
728 543 765 604 αἳ
780 544 1054 626 παραγενομένου
1077 551 1138 606 τοῦ
1155 540 1375 626 Ξενοφῶντος

182 653 240 716 καὶ
276 654 423 729 θύοντος
454 657 494 738 τῇ
529 649 710 739 Ἀφροδίτῃ
747 654 943 717 souerse
975 653 1040 718 κτὲ.
1077 651 1213 718 alterum
1246 671 1373 720 carmen

182 763 289 829 eremi
303 762 387 845 apud
402 763 520 831 Athen.
536 763 619 829 XIII
634 765 697 830 601
713 764 742 829 Ι)
758 764 923 830 uheoxono
938 763 1076 831 'Ienedio
1097 765 1262 849 scriptum,
1290 765 1374 849 quud

184 873 264 940 miro
287 893 438 940 consensu
460 875 590 941 Pindari
623 875 757 941 editores
794 893 900 942 omnes
935 876 1019 942 iuter
1040 875 1137 942 scotia
1168 874 1372 957 rettulerunt,

183 1004 372 1070 quamquam
395 986 483 1052 nullo
506 986 572 1052 ioco
589 987 647 1052 hoc
662 1006 785 1052 carmen
809 992 916 1070 aperte
928 991 1067 1053 σκολιόν
1087 989 1273 1072 appellatur.
1298 989 1374 1056 haec

184 1097 271 1164 euim
294 1097 372 1163 dicio
394 1098 575 1164 Athenaeus
598 1098 620 1164 l.
645 1117 690 1164 u:
713 1102 874 1184 μνησθεὶς
896 1101 934 1165 δὲ
955 1102 1012 1165 καὶ
1033 1113 1092 1166 τοῦ
1116 1102 1273 1167 Τενεδίου
1290 1105 1372 1167 Θεο-

184 1208 322 1286 ξένουὸ
346 1211 531 1295 Πίνδαρος,
564 1211 601 1287 ὃς
618 1205 661 1292 ἣν
683 1212 788 1276 αὐτοῦ
811 1211 977 1296 ἐρώμενος
998 1217 1031 1279 τί
1052 1217 1150 1298 φησί;
1185 1213 1239 1279 sed
1261 1232 1300 1278 ue
1322 1213 1372 1278 ni·

185 1320 285 1387 mium
314 1321 488 1387 cunctando
511 1321 652 1387 incertus
674 1323 781 1389 videar
802 1322 937 1408 haerere,
967 1342 1024 1408 ogo
1047 1343 1168 1408 quoque
1190 1326 1223 1390 in
1245 1325 1373 1390 illorum

184 1433 323 1497 virorum
345 1435 508 1500 doctorum
531 1433 654 1499 discedo
676 1438 800 1517 partes,
833 1435 1017 1517 praesertim
1040 1453 1112 1501 cum
1134 1436 1314 1503 nihilinait
1336 1436 1371 1502 in

183 1544 242 1608 hoo
265 1546 418 1623 carmine,
441 1545 523 1629 quod
547 1564 607 1610 non
628 1547 700 1628 apte
722 1545 756 1610 iu
778 1545 873 1611 scolio
895 1548 997 1612 inesse
1018 1546 1124 1631 possit.

182 1686 186 1703 ·
288 1657 326 1721 In
357 1660 489 1740 utroque
518 1658 665 1734 carmine,
696 1655 765 1722 dico
794 1656 892 1723 scotia
919 1658 1120 1741 Xenophonti
1147 1657 1310 1724 Corinthio
1339 1660 1372 1723 et

184 1766 347 1833 Theoxeno
369 1766 506 1833 Tenedio
529 1769 663 1850 scripta,
687 1769 921 1852 conspiciuntur
942 1770 1044 1835 metra
1067 1769 1374 1853 dactylo-epitritioa,

183 1879 293 1962 qualia
315 1883 349 1945 in
371 1880 503 1946 Pindari
526 1880 668 1963 epinioiis
692 1883 862 1948 sescenties
890 1883 1098 1964 reperiuntur.
1128 1881 1235 1966 itaque
1258 1882 1376 1948 Dorica

185 1991 360 2056 carminum
383 1992 496 2058 natura
516 1992 583 2057 iam
607 2012 624 2056 e
645 1994 744 2057 metro
767 1996 910 2076 apparet.
938 1994 1013 2075 quid
1034 1996 1140 2073 autem
1170 1994 1209 2058 de
1238 1992 1373 2078 siugulis

185 2103 323 2187 strophis
345 2103 388 2169 sit
411 2104 624 2181 statuendum,
649 2103 710 2168 viri
732 2105 815 2170 docti
837 2103 1036 2170 dissentiunt.
1059 2105 1176 2170 etenim
1193 2104 1319 2171 Boeckh
1338 2104 1374 2170 in

184 2219 317 2298 utroque
350 2216 491 2282 carmine
522 2217 635 2298 epodos
668 2235 758 2300 posse
786 2215 912 2299 agnosci
940 2217 1034 2299 putat
1064 2219 1097 2282 et
1126 2217 1207 2282 huno
1236 2216 1274 2282 oh
1303 2235 1374 2283 rem

186 2327 347 2394 contendit
368 2321 478 2393 ‘scotia
496 2327 670 2393 Pindarico
698 2329 826 2394 cantata
853 2346 920 2393 eese
948 2347 1005 2411 per
1026 2327 1109 2392 vices
1133 2345 1152 2392 a
1173 2327 1307 2413 singulis
1330 2327 1371 2394 cd

186 2438 350 2518 ottharam,
384 2442 438 2506 sed
467 2441 564 2506 simui
595 2443 666 2507 scta
698 2443 729 2506 et
756 2441 874 2506 saltata
902 2459 921 2505 a
949 2440 1042 2506 choro
1073 2438 1195 2506 cantori
1223 2435 1369 2521 parente'

192 2549 237 2628 (II
260 2551 281 2615 2
303 2570 332 2634 p.
349 2550 438 2637 607).
462 2555 570 2618 contra
591 2545 695 2638 Bergk
719 2553 816 2633 (Acte
838 2552 999 2618 societatis
1014 2551 1158 2634 Graecae,
1183 2552 1268 2635 Lips.
1288 2551 1374 2618 1836

185 2662 201 2726 Ι
231 2661 294 2728 189
316 2668 395 2747 sqq.)
429 2663 645 2729 demonstrare
673 2663 798 2729 studuit
826 2663 957 2729 soolinm
986 2662 1186 2746 Xenophonti
1218 2662 1373 2745 seriptum

184 2775 436 2858 monostrophice
458 2794 526 2841 esse
549 2777 756 2859 compositum
779 2777 985 2860 promisitque
1009 2794 1041 2840 se
1064 2775 1125 2839 alio
1152 2774 1372 2858 quaesiturum

185 2904 253 2952 esee
276 2885 352 2970 loco,
375 2891 483 2952 utrum
507 2888 635 2953 omnino
658 2888 770 2971 epodos
793 2887 961 2954 habuerint
983 2887 1080 2952 aeolia
1104 2887 1235 2953 Pindari
1262 2876 1372 2953 necno.

185 3015 259 3062 nam
282 3000 410 3064 maximi
433 2999 588 3064 momenti
611 3001 658 3064 est
680 3017 717 3065 ec
738 2998 891 3082 quaestio,
915 3017 992 3063 num
1007 2997 1164 3063 Pindarus
1188 2997 1228 3063 ab
1250 2998 1373 3064 usitato

185 3112 218 3171 et
244 3110 378 3192 pristine
406 3110 575 3176 sooliorum
605 3110 801 3176 Aeolicurum
832 3109 934 3176 forma
962 3110 1051 3175 tanto
1080 3126 1171 3194 opero
1198 3107 1372 3190 recesserit,

186 3223 223 3285 ut
252 3222 476 3304 compositione
509 3222 762 3307 monostrophice
797 3222 946 3288 derelicta
973 3221 1117 3287 carmina
1144 3219 1271 3286 chorico.
1296 3236 1373 3284 con-

185 3331 342 3407 stitueret.
365 3336 399 3400 at
422 3353 482 3400 non
507 3335 598 3402 stetit
616 3334 787 3418 promissis,
811 3333 894 3418 quod
916 3331 1022 3409 eciem,
1045 3332 1160 3416 Bergk,
1183 3331 1281 3397 immo
1303 3349 1373 3396 sen·

185 3445 321 3510 tentiam
338 3465 429 3512 suam
451 3448 559 3531 postea
581 3448 718 3513 mutasse
741 3447 880 3512 videtur:
903 3463 987 3526 nem,
1011 3463 1085 3510 cum
1106 3444 1127 3512 l.
1144 3464 1170 3510 o
1193 3443 1239 3509 sio
1260 3443 1372 3527 dispu-

186 3559 327 3637 tavisset,
362 3563 397 3624 ut
425 3558 500 3623 non'
514 3576 677 3642 possamus
706 3576 768 3623 non
801 3556 953 3641 suspicari
985 3555 1132 3622 omnibus
1162 3574 1235 3621 eum
1263 3553 1373 3621 sooliie

189 3670 319 3737 Pindari
347 3668 460 3755 epodos
482 3670 673 3751 abiudioure,
695 3671 729 3735 in
752 3669 924 3735 novissima
945 3668 1074 3735 Pindari
1097 3667 1234 3734 editione
1256 3666 1372 3749 prioris

185 3782 314 3867 quidem
336 3782 426 3849 eoolii
448 3783 583 3849 formam
604 3780 892 3865 monostrophicam
913 3778 1063 3860 servavit,
1085 3781 1119 3846 in
1141 3779 1373 3846 altercantem

182 3896 323 3962 carmine
336 3913 407 3960 oum
417 3893 578 3961 Boeckhio
592 3894 707 3977 epodos
718 3892 842 3959 statuit.
856 3892 1004 3977 Hartung
1015 3891 1147 3974 denique
1158 3890 1217 3976 (IV
1229 3889 1294 3956 229
1307 3892 1371 3975 eq.)

185 4007 291 4074 omnia
313 4006 411 4073 scolia
432 4005 530 4072 fuisse
555 4005 812 4088 monostrophice
840 4003 979 4071 affirmat
1000 4002 1255 4084 Boochhiumquc
1277 4000 1374 4068 fabu-

186 4119 287 4185 latum
309 4137 377 4187 esee
399 4118 438 4184 de
466 4119 570 4197 choro,
601 4117 678 4183 dnm
705 4117 801 4184 ecclia
828 4118 1023 4195 canerentur,
1052 4115 1189 4182 saltante
1211 4118 1244 4178 ot
1266 4113 1373 4198 tripu·

183 4232 294 4298 diruto
322 4231 491 4298 contendit.
523 4232 618 4314 atque
646 4230 784 4296 alterum
807 4228 931 4313 quidem
953 4228 1085 4294 scolium
1106 4226 1268 4294 'theotoco
1290 4225 1373 4292 ecri-

186 4348 277 4428 ptum
300 4343 389 4417 facili
411 4343 537 4428 nogotio
560 4341 658 4409 dividi
672 4359 761 4425 poseo
777 4341 811 4407 in
826 4341 892 4408 tres
907 4338 1048 4424 singulos
1064 4337 1207 4422 strophas
1223 4336 1373 4422 Hartuog
