3120 4966
658 306 894 401 --101--¹

180 533 273 614 atque
308 529 372 594 iem
405 528 440 593 in
474 547 511 592 ea
545 527 664 604 fabula,
699 545 791 608 quam
827 525 961 610 primam
995 526 1100 592 docuit
1129 525 1365 609 Aristophanes,

183 647 349 725 Δαιταλῆς
372 640 449 723 dico,
482 641 574 724 poeta
604 639 835 704 adulescentem
864 639 896 704 in
924 656 1050 705 scenam
1079 639 1244 705 induxerat
1273 640 1369 706 scolia

183 773 292 822 canera
325 756 529 818 recusantem.
565 754 646 816 certe
680 752 751 818 istis
781 753 872 817 bellis
900 749 1099 817 homunculis
1128 752 1247 836 griphi,
1283 752 1367 816 aeni·

181 870 300 952 gmata,
330 866 517 950 anagnostae
547 866 646 949 magis
674 864 860 942 arridebant,
890 882 986 948 quam
1017 868 1123 929 vetera
1151 866 1183 929 et
1211 864 1369 947 simplicia

183 981 290 1058 scolia,
327 997 458 1061 quorum
493 979 718 1057 recitationem,
752 978 778 1043 si
806 977 933 1042 omnino
962 997 998 1043 ea
1026 996 1135 1043 canere
1163 976 1294 1053 libebat,
1324 979 1369 1043 ita

184 1092 360 1169 variabant,
385 1091 421 1155 nt
443 1089 651 1155 Dicaearchus
675 1090 790 1205 alii-gne
813 1090 1020 1185 tradiderunt.

287 1201 404 1269 Deinde
426 1203 614 1280 Aristoxeni,
639 1172 829 1279 Dichdarchi,
855 1184 1033 1268 Arte‘r'nonis
1057 1203 1247 1285 temporibus
1271 1203 1367 1267 scolia

118 1367 119 1371 ,
183 1334 243 1381 non
267 1314 400 1398 amplius
423 1315 455 1379 in
478 1333 536 1379 usu
560 1315 657 1380 fuisse
683 1315 841 1398 colligitur
873 1316 954 1390 inde,
989 1315 1070 1396 quod
1101 1314 1151 1379 illi
1180 1316 1287 1380 doctas
1316 1315 1365 1379 in-

183 1430 352 1493 stituerunt
376 1428 413 1493 de
437 1427 605 1492 scoliorum
629 1428 713 1510 poesi
737 1427 938 1510 quaestiones
963 1468 1002 1475 —
1027 1429 1058 1491 id
1082 1430 1162 1510 quod
1184 1429 1368 1512 plerumque

184 1547 251 1606 tum
281 1544 410 1607 demum
439 1540 506 1604 fieri
536 1540 625 1618 solet,
660 1560 731 1605 oum
760 1560 803 1617 re,
833 1541 870 1605 de
900 1559 961 1623 qua
991 1541 1105 1624 agitur,
1137 1540 1201 1605 iam
1231 1540 1368 1605 obsoleta

184 1653 354 1718 verendum
372 1653 429 1730 est,
454 1671 492 1716 ne
508 1669 633 1733 prorsus
649 1653 804 1720 oblivione
820 1655 969 1719 obruatur
993 1655 1042 1718 vel
1065 1657 1147 1718 certe
1170 1653 1368 1718 oblitteretur

183 1767 250 1830 eius
273 1765 318 1829 rei
341 1765 501 1828 memoria.

286 1876 451 1942 Plutarchi
474 1877 609 1960 denique
633 1879 826 1961 temporibus
849 1879 923 1961 quid
947 1877 1125 1943 censuerint
1149 1877 1185 1942 de
1201 1877 1366 1941 scoliorum
1409 1916 1436 1947 .:·

183 1991 275 2072 poesi,
301 1994 430 2073 apparet
453 1992 569 2056 ePlut.
594 1992 721 2072 Quaest.
745 2011 843 2075 symp.
868 1993 883 2055 I
910 1995 937 2074 1,
961 1992 995 2056 5:
1020 1985 1115 2079 ᾄδειν
1137 1993 1200 2074 γὰρ
1225 1995 1303 2064 ἴσως
1326 1991 1366 2053 ιὰ

182 2105 369 2186 καλούμενα
393 2105 508 2167 σκολιὰ
530 2114 692 2187 κρατῆρος
714 2103 751 2168 ἐν
772 2107 861 2193 μέσιμ
884 2106 1102 2187 προκειμένου
1119 2104 1174 2166 καὶ
1192 2104 1367 2185 στεφάνων

182 2217 437 2299 διανεμομένων,
461 2220 520 2292 οὓς
543 2216 561 2278 ὁ
584 2216 663 2291 θεὸς
689 2215 756 2298 (ὡς)
781 2215 968 2300 ἐλευθερῶν
990 2216 1075 2298 ἡμᾶς
1098 2215 1294 2295 ἐπιτίθησιν,
1324 2214 1366 2277 οὐ

182 2330 284 2392 καλὸν
306 2329 385 2393 οὐδὲ
409 2330 622 2412 συμποτικόν.
