3120 4966
676 306 884 371 ..88-

180 512 242 578 per
265 492 499 561 cavillationem
520 495 632 559 fictum
656 494 707 573 (cf.
733 495 849 561 Athen.
872 497 903 562 X
923 495 988 560 415
1003 495 1051 577 F),
1076 494 1157 577 quod
1180 490 1373 559 Simonidem

183 606 353 674 confecisse
375 606 590 690 cognoscimus
612 625 649 671 ex
663 605 867 690 inscriptione
882 607 915 671 in
930 605 1059 671 Anthol.
1076 605 1144 671 Pel.
1159 605 1221 670 VII
1237 605 1319 672 348:
1338 598 1341 603 ’

289 744 403 808 Πολλά
422 721 509 807 πιὼν
539 745 722 808 καὶπολλὰ
744 745 863 828 φαγὼν
890 745 1073 809 καὶπολλὰ
1095 747 1167 807 κάκ’
1190 744 1292 808 εἰκὼν

341 856 544 941 ἀνθρώπους
565 867 674 940 κεῖμαι
693 859 883 941 Τιμοκρέων
899 850 1032 932 Ῥόδιος.

186 995 281 1078 etque
304 994 401 1059 etiem
425 1012 496 1059 cum
518 993 744 1072 Themistocle,
769 995 856 1058 cuius
880 998 975 1059 antee
997 993 1101 1058 fueret
1122 984 1244 1077 hospes
1267 992 1373 1058 Timo·

190 1107 309 1171 oreonti
328 1106 529 1171 simultatem
551 1105 648 1171 fuisse
672 1106 835 1171 edocemur
864 1104 903 1170 iis
927 1124 1006 1188 quoe
1028 1104 1219 1171 Plutarchus
1252 1104 1284 1169 in
1307 1104 1374 1169 vite

186 1217 409 1286 Themistoclis
431 1219 557 1283 rettulit
579 1238 605 1284 c.
621 1220 661 1284 21
690 1219 741 1302 (cf.
765 1217 803 1283 fr.
821 1216 905 1283 1-3
920 1218 982 1303 Β.).

292 1329 386 1395 Hunc
414 1329 513 1414 igitur
533 1331 781 1396 Timocreontem
811 1330 909 1395 seclia.
937 1329 1101 1413 scripsisse
1131 1328 1263 1394 tradidit
1287 1327 1376 1392 scho-

52 1424 55 1427 ’
189 1441 284 1506 irase
318 1442 358 1505 ae
380 1441 541 1524 Aristoph.
564 1441 700 1507 ueram.
730 1461 760 1505 v.
783 1442 863 1507 eso:
903 1439 1094 1527 (οιριιιῆς)
1123 1440 1227 1505 ceree
1252 1441 1378 1523 νόμους

185 1553 299 1638 ὥσπερ
322 1555 438 1618 σκολιὰ
459 1556 707 1639 γεγραμμένους
740 1553 906 1619 adnotans:
942 1555 1132 1638 Τιμοκρέων
1154 1552 1191 1616 ol
1213 1552 1233 1616 ὁ
1252 1547 1378 1628 Ῥόδιος
1479 1554 1484 1564 ’

186 1666 365 1750 μελοποιὸς
391 1679 546 1732 τοιοῦτον
574 1666 697 1751 ἔγραψε
721 1667 856 1731 σκολιὸν
889 1667 973 1730 κατὰ
1002 1677 1063 1730 τοῦ
1092 1667 1257 1745 πλούτου,
1292 1663 1377 1746 odel

190 1779 291 1862 άρχιΙ·
319 1781 454 1862 ὤφελες,
482 1768 509 1843 ὦ
538 1779 644 1861 τυφλέ
667 1781 807 1859 Πλοῦτε,
833 1776 839 1863 Ι
863 1779 943 1863 μήτε
965 1782 1009 1862 γῇ
1030 1776 1102 1860 μήτ’
1127 1777 1165 1841 έν
1186 1778 1333 1861 θαλάττῃ
1353 1773 1359 1858 Ι

188 1890 264 1973 μήτ’
281 1890 318 1954 έν
332 1891 456 1979 ἠπείρῳ
480 1903 638 1976 φανῆναι,
660 1891 664 1971 Ι
685 1891 768 1954 ἀλλὰ
786 1892 958 1975 Τάρταρόν
981 1911 1016 1954 τε
1030 1891 1138 1954 ναίειν
1157 1889 1162 1968 Ι
1181 1888 1377 1972 κάχέροντα·

191 2002 248 2066 διὰ
270 2003 306 2066 σὲ
328 2003 393 2088 γὰρ
418 2002 424 2088 Ι
448 2002 543 2069 πάντ’
573 2003 611 2067 έν
639 2004 832 2085 ἀνθρώποις
859 2004 954 2066 κακά.
987 2002 1118 2076 τούτοις
1140 2000 1226 2064 ἔοικε
1253 2000 1311 2063 καί
1338 1999 1379 2062 τά

191 2115 258 2178 ὑπὸ
282 2117 484 2200 Περικλέους
509 2118 745 2199 είσηγηθέντα,
775 2113 845 2178 esee
866 2113 885 2177 ὁ
910 2115 1073 2196 Περικλῆς
1093 2114 1235 2196 γράφων
1257 2111 1294 2176 τὸ
1317 2112 1379 2194 μή·

190 2242 303 2309 φισμα
324 2223 394 2291 ελαε
409 2229 586 2312 Μεγαρέας
607 2227 686 2311 μήτε
710 2228 833 2309 ἀγοράς
855 2224 935 2308 μήτε
954 2226 1122 2305 θαλάττης
1143 2222 1215 2307 μήτ’
1239 2223 1378 2307 νΙιιείρον

191 2338 347 2421 μετέχειν.
379 2338 449 2403 ἐκεί
471 2328 534 2403 οὖν
556 2341 654 2422 ὅμοια
676 2346 746 2414 τοῖς
771 2337 1010 2421 Τιμοκρέοντος
1032 2336 1171 2420 ἔγραψε,
1200 2335 1257 2399 διὰ
1278 2345 1378 2399 τοῦτο

188 2445 285 2514 είιιεν
307 2451 357 2514 ὅτι
380 2449 482 2515 ἐτίθει
504 2451 630 2533 νόμους
657 2448 768 2534 ὥσπερ
791 2449 907 2512 σκολιὰ
929 2450 1193 2533 γεγραμμένουςτ
1229 2446 1268 2511 cs.
1293 2445 1380 2511 Suid.

189 2578 219 2627 s.
243 2579 272 2624 v.
297 2563 432 2627 σκολιόν
454 2565 486 2626 et
508 2562 618 2627 Isidor.
641 2560 747 2626 Polus.
771 2561 827 2642 Ep.
845 2559 879 2624 ΙΙ
897 2560 968 2625 146.

677 2750 710 2818 6.
741 2748 897 2818 ΡεοκλΙΙο.

299 2868 599 2956 Prerille'Sicycnie
619 2870 727 2937 floruit
749 2871 919 2937 secundum
942 2869 1057 2934 Euseb.
1075 2869 1115 2935 ol.
1130 2867 1279 2934 LXXXll
1303 2867 1383 2952 (450

192 3000 223 3047 a.
241 2980 313 3047 Chr.
338 2984 397 3063 n).
426 2983 524 3050 scolie
546 2986 611 3049 eius
634 2983 835 3049 celeberrime
857 2983 954 3047 fuisse
977 2981 1076 3046 trudit
1098 2981 1213 3048 Athen.
1236 2980 1295 3045 XV
1318 2980 1406 3045 694

196 3092 242 3158 A:
265 3096 321 3160 καί
339 3094 507 3181 Πράξιλλα
522 3076 551 3158 θ’
569 3095 589 3176 ἡ
605 3098 778 3160 Σικυωνία
800 3094 1003 3178 ἐθαυμάζετο
1027 3093 1079 3157 ἐπὶ
1101 3096 1140 3177 τῇ
1155 3101 1222 3156 τῶν
1239 3096 1383 3155 σκολιῶν

192 3208 336 3290 ποιήσει,
369 3207 410 3272 cf.
434 3207 529 3271 schol.
551 3205 711 3290 Aristoph.
735 3205 828 3289 Vesp.
853 3223 883 3269 v.
909 3205 1007 3284 1240,
1040 3203 1225 3285 Thesmoph.
1255 3222 1284 3267 v.
1307 3202 1383 3280 529,

196 3318 342 3384 Eusteth.
364 3316 438 3397 326,
461 3318 514 3382 46.
523 3316 566 3398 ⁴⁴)

680 3503 904 3592 (cliteoorall

303 3629 397 3696 Soolii
425 3631 587 3695 cuiusdam
623 3628 783 3695 exordium
810 3625 1073 3692 commemoretur
1102 3624 1141 3689 eb
1172 3621 1385 3704 Aristophane

198 3741 293 3825 Vesp.
316 3741 465 3807 v.1243:

407 3882 565 3965 Χρήματα
587 3879 741 3960 sceldice
766 3875 868 3958 (codd.
891 3874 982 3957 βίαν)

406 3994 612 4078 Κλειταγόρᾳ
633 4013 668 4054 τε
690 3989 790 4083 κάμοί
809 3988 891 4072 μετὰ
909 3987 1081 4050 Θετταλῶν
1096 4021 1134 4034 -

197 4151 406 4161 --———·

307 4234 338 4301 ⁴⁴)
359 4233 397 4288 De
415 4230 549 4286 Praxillee
567 4228 641 4298 poesi
659 4226 812 4296 disputarit
830 4227 858 4279 in
877 4223 972 4294 primis
991 4222 1066 4276 Neue
1082 4217 1132 4276 ‘De
1151 4220 1286 4274 Praxillee
1299 4219 1388 4290 Sicyo·

197 4328 263 4389 mise
280 4327 404 4397 reliqniis
423 4317 628 4383 commentatio’
648 4338 740 4392 progr.
760 4321 878 4375 univers.
898 4317 1073 4388 Dorpetensls
1094 4319 1168 4369 1844.
