3120 4966
691 353 906 420 „68-

434 541 566 605 Φίλτατ’
585 535 743 624 Ἁρμόδι’,
767 544 808 605 οὕ
831 543 864 606 τί
882 561 951 606 που
974 542 1149 625 τέθνηκας,

430 652 546 734 νήσοις
567 651 596 715 δ’
621 651 657 716 έν
680 649 839 737 μακάρων
862 654 899 718 σέ
922 667 1027 736 φασιν
1050 649 1146 734 εἶναι,

389 798 395 813 ·
431 764 486 829 ἴνα
509 786 571 848 περ
591 765 747 849 ποδώκης
764 761 920 849 Ἀχιλεύς,

434 875 599 960 Τυδεΐδην
620 879 655 941 τέ
677 892 782 960 φασιν
804 877 927 942 ἐσθλὸν
949 878 1131 962 Διομήδεα.

431 1060 487 1121 Ἐν
508 1060 637 1142 μύρτου
660 1059 757 1124 κλαδὶ
779 1061 816 1124 τὸ
839 1058 934 1143 ξίφος
956 1061 1105 1145 φορήσω,

430 1164 539 1253 ω”σπερ
557 1163 733 1253 Ἁρμόδιος
754 1173 810 1235 καί
826 1167 1084 1256 Ἀριστογείτων,

431 1283 478 1346 ὅτ’
502 1283 680 1366 Ἀθηναίης
702 1281 740 1346 έν
762 1284 900 1360 θυσίαις

431 1392 538 1477 ἄνδρα
559 1394 728 1478 τύραννον
742 1390 925 1479 Ἵππαρχον
947 1394 1128 1479 ἐκαινέτην.

430 1575 506 1640 Arsi
528 1578 625 1662 σφῷν
647 1577 741 1652 κλέος
763 1576 891 1641 ἔσσεται
913 1578 984 1641 κατ’
1008 1573 1097 1657 αίαν,

430 1687 557 1771 φίλτατ’
575 1682 751 1771 Ἁρμόδιος
773 1690 829 1753 καί
847 1685 1108 1773 Ἀριστογείτων,

431 1799 482 1863 ὅτι
503 1800 563 1864 τὸν
584 1802 753 1885 τύραννον
776 1803 945 1885 κτανέτην,

433 1911 613 1994 ἰσονόμους
633 1911 661 1976 τ’
681 1907 826 1995 Ἀθήνας
848 1910 1059 1997 ἐποιησάτην.

304 2115 400 2183 cuns
424 2117 572 2183 earminis
594 2135 691 2184 unam
714 2121 840 2184 tantum
862 2120 1024 2203 stropham
1045 2117 1138 2204 Ilgen
1160 2117 1306 2202 opinatur
1335 2137 1397 2203 po·

202 2229 300 2295 tuisse
327 2227 419 2296 oondi
441 2247 460 2294 a
481 2230 574 2313 poeta
596 2228 795 2310 Callistrato,
831 2249 923 2314 quem
952 2232 1111 2296 auctorem
1142 2231 1289 2298 oarmInis
1324 2249 1397 2297 esse

203 2339 321 2408 seimus
355 2360 391 2407 ex
419 2341 577 2426 Hesychia
612 2359 637 2406 a.
666 2360 696 2407 v.
727 2337 907 2427 ‘Appetitas
939 2343 1053 2426 μέλος·
1087 2344 1125 2408 τὸ
1153 2342 1207 2408 έπὶ
1227 2338 1393 2432 Ἀρμοδίφ

201 2456 344 2538 ποιηθὲν
368 2455 502 2519 σκολιὸν
524 2454 590 2518 ὑπὸ
605 2451 856 2539 Καλλιστράτου
879 2455 986 2531 οὕτως
1000 2454 1124 2538 ἔλεγον,
1147 2454 1287 2537 primum
1310 2455 1394 2538 quod

202 2565 238 2630 iu
275 2567 363 2632 nullo
401 2564 498 2631 seolio
536 2565 643 2648 plures
682 2565 801 2630 fuerint
839 2565 984 2648 strophae
1024 2565 1078 2649 (ef.
1112 2584 1143 2648 p.
1178 2567 1243 2647 59),
1282 2565 1393 2633 deinde

203 2680 330 2762 propter
351 2679 575 2763 argumentum
603 2677 691 2744 soolii
721 2677 835 2762 ipsum.
864 2673 984 2761 ‘quae’‚
1017 2679 1130 2762 iuquit,
1158 2674 1267 2744 ‘huius
1300 2678 1392 2745 soolii

202 2790 357 2856 habentur
378 2810 397 2857 a
421 2789 498 2857 uiris
521 2789 621 2855 doctis
644 2790 791 2872 strophae
814 2791 910 2857 tertia
933 2791 965 2856 et
987 2793 1118 2874 quarta,
1143 2810 1198 2857 eae
1221 2794 1296 2857 sunt
1317 2790 1396 2857 imi·

203 2901 342 2969 tationes
369 2900 465 2984 primi
494 2901 603 2981 anelii,
639 2902 689 2969 vel
719 2919 797 2983 quae
821 2920 888 2968 esse
909 2903 1058 2986 putatur,
1093 2903 1240 2986 strophae
1261 2902 1393 2986 primae.

203 3015 272 3097 quis
294 3013 379 3080 enim
401 3015 498 3080 ferret
520 3032 645 3080 oarmen
667 3032 723 3096 per
745 3014 850 3096 plures
872 3014 1018 3097 strophas
1041 3015 1211 3082 deductum
1233 3033 1296 3080 non
1319 3015 1394 3097 plus

204 3143 298 3208 quam
325 3143 423 3190 uuam
453 3123 642 3191 sententiam
670 3127 810 3192 traetans
844 3130 877 3192 et
909 3126 942 3192 iu
965 3126 1070 3193 uerbis
1099 3130 1225 3194 tantum
1247 3127 1395 3193 nonnihil

203 3231 392 3304 variatumi'
430 3235 511 3319 quod
534 3235 562 3300 si
584 3236 675 3322 Ilgen
704 3237 892 3321 opinabatur
914 3238 1020 3304 omnia
1042 3238 1138 3305 aeolia
1164 3238 1260 3304 fuisse
1282 3255 1396 3305 mono·

203 3348 349 3432 stropha,
374 3347 496 3434 egregie
519 3348 618 3414 falsus
641 3350 697 3413 est.
729 3368 923 3433 quamquam
945 3350 1029 3415 enim
1053 3351 1194 3417 earmina
1216 3350 1396 3417 convivalia

203 3462 388 3546 plerumque
410 3461 518 3527 brevia
539 3459 634 3527 fuisse
657 3463 898 3528 consentaneum
919 3467 975 3541 est,
998 3464 1106 3527 tamen
1121 3464 1227 3545 plures
1245 3462 1343 3528 etiam
1359 3464 1392 3528 in

204 3572 338 3657 singuIIs
366 3571 462 3638 fuisse
490 3571 634 3655 strophas
663 3573 869 3640 demonstrari
897 3577 1001 3658 potest
1030 3573 1125 3641 aeolio
1153 3573 1293 3640 XXVIII
1324 3574 1392 3659 (Β),

204 3685 285 3770 quod
321 3665 488 3750 eduobus
510 3684 648 3769 strophis
676 3689 820 3752 onustare
851 3703 959 3751 omnes
989 3686 1157 3753 viridanti
1180 3686 1390 3752 consentiunt.

204 3796 318 3863 deinde
341 3798 415 3880 qui,
450 3816 582 3881 quaeso,
616 3801 720 3882 potest
747 3797 852 3862 afferri
876 3799 1148 3877 veteranarum,
1182 3816 1242 3880 quo
1271 3816 1308 3862 ex
1330 3816 1400 3863 una.

204 3908 422 3977 tantummodo
444 3910 571 3992 stropha
593 3908 688 3976 soolia
710 3909 885 3975 constitisse
906 3909 1072 3976 tradatur?
1094 3909 1197 3976 multo
1214 3910 1320 3975 autem
1343 3927 1392 3974 re·

205 4022 286 4088 etius
309 4022 475 4088 obseruata
496 4022 579 4099 suut,
603 4039 681 4104 quae
704 4022 742 4086 de
766 4020 913 4087 carminis
935 4022 1120 4106 argumento
1142 4021 1276 4105 protulit
1291 4021 1393 4105 Ilgen.

204 4153 301 4219 neque
324 4135 407 4200 enim
430 4151 618 4217 quemquam
642 4132 749 4219 fugere
771 4138 875 4218 potest
896 4134 1017 4218 primae
1035 4134 1181 4219 strophae
1203 4152 1310 4200 uersus
1333 4133 1394 4200 duo

205 4247 322 4331 priores
349 4244 520 4324 intentio,
553 4246 736 4328 posteriores
770 4246 804 4311 in
832 4250 943 4331 quarta
971 4247 1070 4330 repeti
1098 4245 1243 4330 stropha,
1279 4245 1394 4313 deinde

204 4360 307 4447 prima
327 4357 465 4440 {stropha
492 4355 577 4422 idem
610 4358 691 4441 quod
720 4357 824 4438 tortia,
854 4358 955 4426 altera
983 4360 1067 4425 idem
1090 4359 1171 4442 quod
1195 4359 1308 4443 quarta
1331 4357 1392 4425 diei
