3120 4966
671 308 883 374 ..21-

181 501 305 568 omneis
338 501 373 565 in
407 498 537 565 scholiis
572 501 611 564 ad
637 474 780 565 Platonis
815 500 963 582 Gorgiam
994 490 1055 567 451
1086 501 1121 564 E.
1156 500 1250 581 atque
1283 497 1371 570 idem

182 613 269 679 valet
292 611 330 676 de
351 610 478 676 scholiis
501 610 541 676 ad
564 608 784 693 Aristophanis
804 613 884 676 Rau.
907 630 936 677 v.
955 611 1039 677 1302
1061 615 1092 676 et
1109 600 1202 694 Vesp.
1224 630 1256 676 r.
1274 611 1368 692 1239,

183 742 375 808 quamquam
403 723 490 788 totus
518 721 606 787 loeus
635 721 681 787 ibi
705 741 723 787 a
744 722 874 787 Musuro
901 721 1108 805 interpolatus
1141 741 1206 788 esse
1225 723 1367 805 videtur,

188 837 227 903 cf.
251 835 389 900 Dubneri
410 834 483 900 edit.
507 833 698 899 scholiorum
719 853 749 917 p.
773 833 838 900 460
860 837 892 898 et
914 835 988 901 535.
1012 834 1177 917 paululum
1200 833 1369 900 immutata

185 948 293 1012 autem
314 945 441 1031 praebet
462 944 539 1010 haec
562 947 656 1011 verba
686 945 857 1011 scholiasta
880 946 920 1010 ad
943 946 1075 1012 huciaui
1097 965 1153 1030 pro
1176 947 1266 1028 lapsu
1289 947 1371 1011 inter

185 1058 387 1123 salutandum
409 1075 436 1122 c.
460 1057 496 1123 6:
520 1059 666 1139 σκολιόν,
689 1057 898 1143 ηπαροίνιος
920 1054 1001 1145 ᾠδή,
1026 1057 1070 1134 ὡς
1091 1061 1147 1123 καὶ
1168 1061 1372 1143 Δικαίαρχος

187 1171 224 1234 ἐν
238 1175 281 1257 τῷ
298 1171 373 1254 περὶ
387 1177 563 1254 μουσικῆς·
587 1169 650 1233 δύο
668 1168 757 1253 (ddi)
773 1171 851 1253 γένη
875 1164 918 1251 ἦν
940 1164 1056 1256 ᾠδῶν.
1071 1218 1078 1234 .
1092 1191 1118 1254 .;
1142 1188 1220 1251 quaa
1236 1187 1372 1251 sequun-

186 1283 238 1347 tur
275 1301 347 1350 cum
384 1281 480 1347 Suida
518 1281 689 1364 ceterisque
727 1283 937 1346 consentiunt.
995 1299 1031 1347 ac
1071 1280 1254 1346 Dicaearchi
1291 1280 1372 1347 liber

183 1395 289 1458 utrum
311 1393 481 1475 inscriptus
504 1393 599 1457 fuerit
621 1394 698 1476 περὶ
712 1401 883 1476 μουσικῶν
899 1393 1050 1476 ἀγώνων,
1073 1396 1156 1476 quod
1171 1391 1285 1458 Suidas
1302 1392 1370 1458 alii·

182 1525 243 1588 que
258 1504 428 1584 affirmant,
452 1523 492 1569 an
507 1506 584 1586 aspi
599 1513 772 1588 μουσικῆς,
796 1504 879 1586 quod
894 1503 1081 1570 scholiastae
1096 1504 1243 1570 Lucianei
1258 1504 1373 1569 nititur

180 1617 374 1696 testimonio,
390 1616 427 1682 nt
437 1615 641 1698 inquiramus
658 1634 722 1680 non
733 1615 824 1679 huius
836 1614 978 1689 lociesse
994 1597 1128 1693 videtur,
1143 1635 1237 1699 quam
1253 1619 1374 1682 obrem

184 1746 249 1804 eos,
273 1728 327 1810 qui
350 1727 528 1794 accuratius
551 1729 589 1792 da
612 1745 649 1791 ea
672 1745 705 1790 re
728 1725 846 1791 edoceri
870 1727 989 1805 volunt,
1012 1727 1053 1791 ad
1068 1725 1183 1792 Naelrii
1206 1728 1244 1792 de
1260 1727 1371 1792 Dicae·

187 1841 273 1906 archi
289 1840 417 1923 seriptis
430 1838 679 1922 disputationem
694 1838 797 1905 Musei
807 1837 950 1902 Rhenani
966 1838 1028 1911 vol.
1044 1840 1060 1904 I
1078 1839 1189 1920 (1833)
1205 1858 1234 1922 p.
1247 1839 1291 1905 40
1302 1858 1371 1921 sqq.

184 1952 335 2017 insortam
364 1951 519 2033 relegasse
548 1949 690 2014 sufficiet.
727 1949 854 2014 maioris
883 1952 991 2015 autem
1021 1951 1172 2016 momenti
1202 1952 1259 2027 est,
1290 1952 1371 2032 quod

185 2063 317 2127 Luciani
332 2061 502 2127 scholiasta
518 2062 589 2138 duo,
612 2059 723 2125 Suidas
739 2061 802 2126 tria
825 2061 936 2126 horum
957 2063 1131 2126 carminum
1147 2079 1260 2146 genera
1275 2062 1371 2127 fuisse

185 2173 273 2259 dicit.
296 2176 376 2257 quod
399 2175 425 2239 si
447 2175 551 2251 verba,
581 2171 687 2255 qualia
710 2172 870 2238 codicibus
899 2174 1078 2248 traduntur,
1107 2173 1302 2258 respicimus
1332 2173 1371 2238 de

189 2286 307 2351 duobus
340 2286 466 2351 tantum
500 2286 676 2350 carminum
711 2283 921 2349 convivalium
955 2284 1119 2369 generibus
1152 2285 1204 2369 agi
1235 2285 1373 2351 videtur.

186 2397 241 2462 sed
269 2396 435 2480 quominus
459 2397 492 2462 id
520 2415 575 2479 pro
602 2415 675 2461 vero
706 2395 909 2479 accipiamus,
939 2395 1120 2462 Artemonis
1149 2396 1254 2463 obstat
1282 2397 1374 2462 testi-

190 2509 326 2575 monium
357 2510 441 2593 apud
471 2509 585 2575 Athen.
614 2508 673 2575 XV
703 2508 767 2573 694
788 2508 834 2592 Α;
869 2508 923 2573 ubi
954 2509 1060 2574 autem
1088 2511 1126 2574 de
1155 2508 1273 2574 duobus
1302 2527 1372 2574 ear·

187 2621 308 2687 minum
331 2621 542 2688 convivalium
565 2620 732 2706 generibus
755 2640 855 2686 sermo
871 2622 928 2700 est,
949 2621 1049 2685 veluti
1065 2623 1147 2703 apud
1162 2620 1371 2686 Plutarchum

186 2714 313 2813 Quaest.
337 2734 508 2818 symposl
533 2733 561 2813 1,
578 2734 608 2812 5,
634 2733 672 2798 de
687 2750 748 2814 quo
762 2733 829 2797 loco
851 2733 960 2816 postea
982 2733 1159 2797 accuratius
1182 2731 1372 2798 disseramus

185 2820 318 2929 oportet,
347 2864 397 2911 res
426 2845 473 2911 ita
503 2847 549 2910 osa
578 2848 771 2927 comparata,
801 2845 838 2908 ut
861 2863 897 2910 ea
920 2843 1062 2911 carmina
1084 2848 1139 2910 aut
1162 2843 1202 2910 ab
1227 2844 1374 2910 omnibus

184 2958 279 3023 simul
301 2960 356 3023 aut
378 2977 396 3022 a
418 2957 551 3041 singulis
574 2957 720 3041 deinceps
744 2957 870 3023 cantata
892 2976 957 3022 esse
980 2956 1143 3022 referatur.
1173 2975 1207 3022 eo
1231 2975 1312 3034 vero,
1337 2956 1375 3021 de

183 3087 245 3152 quo
276 3071 407 3153 agimus,
436 3068 505 3135 loco
534 3069 674 3134 carmina
700 3069 756 3134 illa
778 3070 812 3134 in
835 3063 986 3137 conviviis
1010 3070 1065 3134 aut
1087 3086 1106 3133 a
1127 3067 1262 3151 singulis
1286 3068 1375 3133 dein·

185 3199 266 3264 ceps,
287 3182 342 3246 aut
357 3199 376 3246 a
391 3180 525 3264 singulis
541 3180 628 3247 nullo
645 3184 730 3247 certo
746 3181 852 3246 ordine
867 3185 996 3246 servato
1007 3182 1133 3246 cantata
1148 3199 1213 3245 esse
1228 3179 1374 3262 legimus,

186 3291 221 3358 id
242 3295 323 3376 quod
345 3310 403 3358 nec
424 3312 480 3376 par
501 3313 534 3359 se
558 3293 753 3359 verisimile
777 3293 834 3372 est,
857 3295 1003 3376 quoniam
1031 3292 1142 3377 hymni
1164 3292 1215 3357 vel
1242 3276 1374 3375 paeanes
1473 3279 1476 3283 ’

186 3404 226 3492 ab
248 3405 393 3471 omnibus
417 3405 554 3471 convivis
577 3405 675 3470 simul
698 3404 816 3471 cantati
839 3404 1026 3470 aconviviis
1042 3422 1215 3490 numquam
1230 3405 1376 3487 poterant

185 3516 304 3596 abesse,
328 3535 386 3581 nec
409 3517 593 3582 Dicaearchi
623 3517 705 3583 hanc
733 3516 921 3583 sententiam
951 3517 1049 3582 fuisse
1077 3517 1128 3581 vel
1157 3514 1230 3581 inde
1260 3516 1372 3595 elucet,

183 3629 267 3711 quod
290 3629 435 3694 omnibus
457 3629 532 3694 locis
556 3629 674 3714 legitur
696 3631 771 3714 τρία
794 3631 872 3712 γένη
897 3632 1020 3711 excepto
1036 3628 1167 3693 Luciani
1188 3620 1369 3713 scholiasta,

185 3740 332 3824 quisine
355 3740 448 3806 dubio
471 3742 568 3806 verba
591 3742 737 3822 corrupta
761 3758 828 3806 esse
851 3738 1008 3804 intellexit
1028 3741 1060 3804 et
1075 3742 1180 3806 locum
1196 3757 1252 3805 suo
1267 3739 1371 3805 Marte

185 3852 381 3919 correcturus
395 3871 561 3935 perperam
576 3851 703 3936 scripsit
718 3852 791 3917 ooo.
808 3852 913 3934 itaque
928 3871 995 3916 rom
1010 3871 1068 3917 acu
1084 3852 1228 3937 tetigisse
1246 3851 1371 3917 videtur

184 3964 363 4030 Frideriaus
378 3962 448 4044 Ast,
477 3964 586 4046 quiin
609 3964 699 4043 libro,
723 3964 774 4028 cui
796 3962 957 4047 inscripsit
980 3959 1167 4029 ‘Grundriss
1191 3945 1252 4029 der¹
1268 3961 1375 4028 Philo·

185 4074 284 4159 logie'
307 4073 418 4158 p.„105
440 4077 524 4141 hunc
546 4075 648 4142 locum
671 4075 718 4140 ita
733 4073 913 4141 constituit:
936 4077 987 4140 ὅτι
1010 4079 1084 4160 τρία
1105 4079 1185 4159 γένη
1209 4071 1250 4156 »ἦν
1266 4071 1376 4160 ᾠδῶν,

186 4188 224 4252 τὸ
239 4187 300 4270 μὲν
322 4188 388 4252 ὑπὸ
410 4190 546 4252 πάντων
569 4184 747 4275 ᾀδόμενον,
770 4188 813 4250 τὸ
837 4187 879 4251 δὲ
902 4187 980 4251 καθ’
1004 4186 1062 4251 ἕνα
1086 4185 1167 4270 ἑξῆς,
1191 4187 1228 4249 τὸ
1251 4185 1287 4249 δὲ
1310 4185 1377 4249 ὑπὸ

185 4309 253 4364 τῶν
275 4303 510 4364 συνετωτάτων
532 4300 596 4365 aad.
621 4298 671 4382 (cs.
696 4299 794 4365 etiam
810 4297 946 4364 Dobraei
961 4297 1150 4364 Adversaris
1172 4297 1220 4364 od.
1236 4297 1378 4381 Wagner
