3120 4966
695 306 906 372 ..51-

205 492 239 573 (l.
263 511 287 557 c.
311 513 340 576 p.
365 493 434 575 42),
458 496 512 576 qui
535 513 724 578 quamquam
747 497 966 562 tantummodo
990 497 1079 580 quasi
1107 497 1295 579 praeteriens
1324 498 1390 582 egit

201 603 238 667 de
260 602 320 668 hac
341 622 383 682 re,
411 607 518 669 tamen
542 623 653 670 verum
684 607 889 691 praesagiisse
920 608 1061 673 videtur:
1087 605 1176 673 ‘cunr
1204 608 1301 674 scolia
1330 609 1388 674 illa

201 718 338 780 carmina
361 717 547 802 dicerentur,
577 736 656 799 quae
686 720 799 784 ultimo
828 721 895 785 loco
924 722 1008 787 inter
1030 720 1163 805 scyphos
1186 722 1272 786 nullo
1296 740 1388 787 accu-

198 826 328 891 bitionis
351 828 456 893 ordine
478 831 602 895 servato
625 830 838 897 adoctissimo
862 851 983 914 quoque
1005 832 1044 896 ad
1068 834 1170 916 lyram
1194 835 1387 910 canerentur,

200 957 273 1003 curn
295 942 419 1022 praeter
441 940 499 1006 hoc
520 960 618 1006 unum
641 942 721 1006 nihil
744 942 835 1007 nobis
858 943 1013 1008 traditum
1036 943 1079 1008 sit
1094 943 1144 1008 vel
1161 942 1193 1008 in
1210 944 1388 1028 argumenti

197 1052 312 1116 natura
335 1052 386 1118 vel
407 1051 440 1116 in
462 1053 582 1117 formae
601 1057 656 1119 aut
672 1073 875 1120 numerorum
890 1057 1040 1137 positum,
1065 1075 1129 1138 quo.
1144 1055 1242 1122 scolia
1256 1075 1388 1140 genera·

200 1165 273 1228 liter
296 1162 334 1228 ab
358 1163 429 1229 aliis
453 1164 655 1243 carminibus,
680 1165 741 1230 nisi
763 1166 841 1230 haec
863 1167 942 1249 ipsa,
967 1167 1003 1231 ut
1020 1185 1163 1250 paeanes,
1189 1171 1309 1233 certam
1325 1168 1386 1233 ali-

90 1363 92 1365 *
193 1294 289 1358 quam
312 1280 421 1341 notam
443 1275 588 1354 habeant,
613 1279 744 1343 discerni
767 1279 898 1362 possint,
922 1279 1013 1344 facile
1037 1281 1167 1362 apparet
1186 1299 1277 1345 omne
1292 1278 1384 1345 huius

195 1389 281 1454 modi
307 1388 457 1454 iudicium
490 1389 568 1469 (scil.
600 1390 683 1471 quod
709 1388 801 1472 Ilgen
832 1390 917 1469 fecit,
950 1392 1004 1472 qui
1032 1393 1192 1475 παροίνια
1215 1391 1246 1455 ct
1268 1390 1385 1455 σκολιά

196 1501 418 1584 distinguenda
441 1519 508 1566 csse
538 1501 628 1583 dicit)
660 1501 817 1567 lubricum
845 1521 912 1567 esse
941 1505 972 1566 et
1002 1501 1256 1585 incertissimum,
1289 1506 1381 1585 atque

195 1611 387 1678 omniafere
410 1612 547 1678 carmina
569 1632 625 1695 pro
649 1613 755 1678 scoliis
777 1613 922 1695 usurpari
939 1616 970 1678 et
988 1617 1108 1680 cantari
1126 1616 1274 1697 potuisse.
1298 1617 1382 1698 equi-

196 1725 267 1789 dem
290 1724 491 1790 vehementer
514 1725 633 1804 dubito,
657 1745 734 1789 num
750 1725 847 1790 scolia
862 1727 985 1789 certum
1000 1726 1126 1806 aliquod
1143 1745 1178 1790 ac
1195 1726 1382 1792 distinctum

195 1837 370 1901 carminum
387 1837 600 1902 convivalium
620 1855 718 1920 genus
741 1833 876 1902 fuerint?
903 1856 981 1919 quae
1004 1837 1178 1902 rectissime
1201 1839 1380 1922 rehabere,

193 1947 309 2030 partim
332 1948 395 2013 iam
418 1968 527 2013 sumus
550 1951 653 2014 conati
678 1949 900 2027 demonstrare,
925 1949 1041 2031 partim
1066 1969 1103 2013 ex
1117 1949 1167 2027 iis,
1192 1969 1271 2031 quae
1287 1952 1380 2017 modo

194 2060 384 2141 disputaturi
407 2080 525 2145 sumus,
551 2060 696 2126 elucebit.

292 2171 418 2237 Etenim
440 2172 515 2250 iam,
540 2193 611 2238 cunr
635 2173 802 2238 scoliorum
825 2191 939 2236 nomeu
962 2172 1202 2254 explicaremus,
1231 2174 1376 2257 suspicat‘

191 2301 299 2347 sumus
322 2284 462 2349 carmina
487 2286 703 2351 vetustissima
726 2286 852 2350 Aeolica
876 2284 1050 2349 cantilenas
1077 2284 1174 2349 fuisse
1198 2285 1378 2352 convivales

186 2398 222 2459 ,et
250 2396 346 2460 scolia
374 2397 533 2479 appellata
562 2416 637 2462 esse.
680 2415 760 2480 quae
793 2415 842 2462 res
871 2397 964 2461 facile
993 2398 1136 2462 veterum
1165 2400 1269 2479 potest
1292 2416 1375 2463 com·

192 2506 317 2586 probari
332 2509 533 2572 testimoniis.
557 2528 593 2572 ac
608 2507 746 2591 primum
767 2526 881 2590 quaeso
893 2508 1114 2590 Aristophanis
1137 2527 1261 2573 versum
1280 2509 1379 2592 inspi-

184 2617 251 2683 cias
276 2621 315 2685 ab
337 2619 499 2685 Athenaeo
522 2621 582 2685 XV
606 2621 714 2684 694A
737 2624 912 2685 servatum:
938 2611 1022 2708 ᾆσον
1046 2621 1086 2702 δή
1109 2644 1166 2704 μοι
1190 2624 1326 2686 σκολιόν
1347 2645 1379 2686 τι

187 2729 300 2812 λαβὼν
324 2725 477 2796 Ἀλκαίου
504 2728 529 2796 κ’
550 2729 795 2817 Ἀνακρέοντος,
819 2731 930 2798 deinde
952 2731 1133 2798 Aristotelis
1156 2735 1260 2828 locum
1282 2734 1376 2799 Polit.

187 2841 290 2908 1119.
313 2845 343 2921 5,
376 2845 428 2926 qui
457 2844 533 2908 hacc
561 2843 671 2910 habet:
702 2844 775 2908 οἷον
798 2845 926 2909 εἵλοντό
949 2866 1028 2909 ποτε
1050 2848 1275 2929 Μιτυληναῖοι
1299 2851 1377 2910 Πιτ-

186 2956 290 3019 τακὸν
318 2956 402 3040 πρὸς
423 2953 502 3032 τοὺς
524 2957 693 3039 φυγάδας,
723 2940 772 3021 οἷν
793 2959 1054 3041 προειστήκεσαν
1077 2952 1301 3040 Ἀντιμενίδης
1322 2961 1377 3022 καί

184 3063 332 3144 Ἀλκαῖος
355 3068 533 3150 ὁποιητής.
558 3069 656 3150 δηλοῖ
676 3069 705 3130 d’
718 3064 877 3149 Ἀλκαῖος,
901 3071 952 3133 ὅτι
976 3072 1144 3153 τύραννον
1167 3069 1294 3133 εἴλοντο
1317 3071 1375 3134 τὸν

188 3180 352 3243 Πιττακὸν
376 3181 412 3244 ἔν
434 3204 499 3244 τινι
521 3190 589 3244 τῶν
612 3184 755 3244 σκολιῶν
778 3183 901 3264 μελῶν·
934 3182 1064 3268 ἐπιτιμᾷ
1087 3182 1151 3265 γὰρ
1181 3184 1245 3245 ὅτι·

858 3293 917 3357 τὸν
939 3294 1166 3376 κακοπάτριδα

332 3407 498 3471 Πιττακὸν
520 3407 646 3481 πόλεως
673 3412 731 3481 τοῖς
761 3405 868 3488 ἀχόλω
896 3407 952 3468 καί
980 3405 1228 3489 βαρυδαίμονος

329 3516 510 3582 ἐστάσαντο
533 3521 701 3603 τύραννον
723 3515 794 3601 μέγ’
808 3517 1016 3592 ἐπαινέοντες
1039 3517 1178 3592 ἀολλέες.

183 3628 265 3709 quod
280 3628 495 3712 fragmentum
507 3628 611 3713 Bergk
622 3632 705 3694 recte
717 3629 844 3710 quidem
856 3628 939 3692 inter
953 3627 1050 3693 scolia
1066 3628 1138 3711 (frg.
1151 3628 1192 3692 37
1207 3627 1236 3690 A
1250 3646 1281 3710 p.
1294 3627 1370 3710 942)

182 3740 325 3816 rettulit,
355 3742 408 3805 sed
437 3739 668 3806 acarminibus
697 3738 866 3803 stasioticis
896 3738 1061 3820 separavit.
1095 3738 1176 3821 quod
1205 3757 1282 3803 num
1304 3738 1372 3803 iure

184 3850 309 3932 fecerit,
334 3852 454 3918 dubito.
489 3855 557 3918 erat
581 3853 665 3917 enim
688 3853 785 3935 μέλος
808 3850 904 3916 simul
932 3852 1150 3915 eradicarentur
1173 3853 1205 3914 et
1228 3852 1371 3914 σκολιόν.

182 3981 281 4045 neque
305 3983 376 4029 vcro
400 3963 536 4029 alterum
560 3963 674 4045 pendet
697 3965 736 4029 ab
760 3961 869 4028 altero.
893 3981 967 4027 nam
982 3961 1128 4027 carminis
1151 3963 1370 4044 argumentum

181 4075 405 4157 significamus,
430 4077 457 4140 si
477 4078 694 4139 στασιωτικόν
716 4075 922 4153 nominamus,
946 4074 996 4138 sin
1020 4074 1154 4138 σκολιὸν
1175 4075 1272 4155 μέλος
1293 4072 1369 4137 dici-

181 4206 261 4264 mus,
287 4207 412 4253 carmen
434 4186 597 4254 convivale
620 4205 687 4253 esse
711 4187 877 4252 indicatur.
901 4185 1064 4251 stasiotica
1086 4186 1192 4250 autem
1216 4184 1249 4248 in
1269 4184 1369 4267 epulis

180 4304 306 4365 cantata
328 4319 394 4366 esse
418 4299 619 4366 confirmatur
637 4298 798 4382 Aristoph.
824 4300 916 4381 Vesp.
933 4319 962 4364 v.
982 4298 1066 4364 1230
1087 4317 1159 4380 sqq:
