3120 4966
662 302 875 365 -12-

176 492 211 554 ut
226 487 294 554 bini
310 489 376 555 soni
391 490 553 573 utriusque
568 489 718 572 diapason
733 488 817 554 inter
839 506 872 553 se
894 486 1117 570 respondentes
1140 489 1362 566 consonarent;

176 599 217 664 ef.
243 599 376 679 Boeekh,
400 602 438 666 de
461 599 571 666 metris
592 600 724 665 Pindari
746 619 776 684 p.
801 601 959 683 261sqq,
990 601 1043 682 qui
1065 601 1225 682 perspexit
1247 616 1363 664 nomen

81 726 87 741 ··
175 711 351 796 magadidis
384 711 484 777 tribui
517 714 615 778 cuivis
648 712 858 778 instrumento
892 713 957 777 sire
988 712 1109 778 chordis
1136 710 1262 776 intento
1296 710 1363 777 sive

175 824 325 904 inflando,
347 825 465 907 inquo
487 826 555 891 soni
578 843 690 909 graves
714 825 746 890 et
768 825 853 890 acuti
876 825 1026 908 diapason
1048 825 1131 889 inter
1153 843 1186 889 se
1209 822 1362 888 distantes

174 936 270 1001 simul
298 935 521 1019 proferrentur.
558 938 690 1022 ψαλμὸν
719 938 949 1021 ἀντίφθογγον
977 936 1075 1020 igitur
1097 935 1253 1001 Pindarus
1283 935 1362 1000 dixit

174 1048 393 1130 antiphoniam
415 1084 457 1096 —
479 1051 517 1114 ut
545 1068 620 1115 voce
648 1051 721 1115 utar
750 1050 832 1133 apud
856 1068 917 1133 eos,
948 1049 1003 1132 qui
1025 1051 1102 1114 artis
1126 1048 1263 1115 musicae
1286 1049 1361 1116 sunt

172 1159 276 1241 periti,
301 1160 378 1224 satis
401 1161 479 1226 trita
501 1197 544 1208 -·
566 1161 698 1227 duorum
722 1161 882 1244 diapason,
907 1166 939 1226 et
963 1161 1116 1246 gravioris
1138 1163 1170 1226 et
1193 1160 1360 1236 acutioris;

172 1269 212 1335 cf.
247 1271 361 1337 Athen.
397 1273 474 1338 XIV
512 1274 576 1340 635
611 1274 655 1338 B:
704 1274 765 1356 τὴν
801 1273 946 1357 μάγαδιν
983 1274 1195 1357 ὀνομάσαντα
1228 1275 1361 1359 ψαλμὸν

172 1384 404 1468 ἀντίφθογγον
431 1385 487 1449 διδ
512 1386 549 1449 τὸ
576 1385 639 1450 δύο
665 1397 773 1468 γενῶν
800 1387 867 1469 ἅμα
888 1388 944 1450 καλ
971 1385 1027 1449 διά
1048 1393 1166 1450 πασῶν
1189 1387 1275 1470 ἔχειν
1297 1388 1362 1470 ’τὴν

172 1496 355 1585 συνῳδίαν,
378 1498 512 1582 ἀνδρῶν
534 1520 569 1563 τε
589 1500 646 1562 καῖ
665 1500 805 1580 παίδων,
827 1498 861 1562 id
883 1498 966 1580 quod
987 1499 1069 1580 apud
1092 1498 1170 1564 alios
1193 1498 1360 1582 scriptores

174 1607 270 1673 etiam
294 1609 516 1674 ἀντίσπαστον
538 1610 589 1673 vel
613 1611 787 1693 ἀντίζυγον
809 1607 1031 1692 nominatur⁶).
1061 1610 1239 1692 Terpander
1255 1614 1362 1675 autem

173 1738 272 1784 unum
301 1718 451 1800 diapason
479 1719 573 1802 idque
602 1723 729 1805 gravius
759 1721 941 1787 adhibuisse
972 1723 1100 1787 ridetur
1128 1722 1168 1787 ad
1197 1723 1360 1787 barbitum

173 1828 392 1895 fabricandum
421 1832 592 1898 secundum
614 1833 796 1913 Pindarum,
826 1834 915 1900 euius
944 1835 1041 1900 verba
1065 1836 1245 1901 Athenaeus
1274 1841 1360 1902 recte

173 1941 338 2026 intellexit,
363 1960 435 2006 cum
458 1943 574 2008 diceret
597 1963 627 2026 p.
651 1944 715 2009 635
738 1944 782 2010 D:
806 1946 865 2009 τὸν
892 1947 1106 2031 Τέρπανδρον
1130 1948 1360 2031 ἀντίφθογγον

172 2056 285 2140 εὑρεῖν
308 2061 348 2143 τῇ
369 2059 460 2142 παρὰ
474 2057 601 2134 Λυδοῖς
623 2058 755 2140 πηκτίδι
778 2058 837 2121 τὸν
859 2059 1027 2142 βάρβιτον.
1053 2077 1244 2142 quamquam
1259 2059 1362 2124 Athe·

173 2185 271 2232 naeus
294 2171 356 2235 sibi
378 2170 445 2251 ipse
468 2170 632 2235 oblocutus
657 2171 703 2233 est
725 2186 770 2248 eo,
802 2170 884 2252 quod
906 2173 977 2233 ante
1007 2175 1051 2253 (p.
1076 2171 1140 2237 635
1162 2172 1202 2256 Β)
1227 2173 1360 2254 ψαλμὸν

170 2280 401 2364 ἀντίφθογγον
424 2282 508 2345 recte
531 2283 570 2345 ad
592 2281 793 2364 magadidem
817 2281 867 2347 vel
889 2282 1055 2363 pectidem,
1079 2280 1139 2347 hoc
1161 2284 1268 2348 autem
1294 2283 1360 2349 loco

171 2391 212 2457 ad
240 2393 400 2458 barbitum
427 2392 564 2459 rettulit.
600 2392 654 2457 sed
684 2394 896 2475 reputandum
926 2399 974 2458 est
1004 2395 1081 2458 duas
1110 2397 1142 2459 in
1171 2412 1246 2459 voce
1271 2397 1359 2460 ἀντί-

171 2509 325 2590 φθογγος
360 2506 458 2569 latere
494 2504 751 2590 significationes,
789 2526 922 2600 quarum
957 2506 1059 2571 altera
1092 2508 1140 2572 est
1171 2501 1360 2573 ‘consonans

171 2616 239 2680 sive
261 2615 477 2696 antiphoniam
501 2616 635 2680 duorum
657 2618 804 2698 diapason
824 2612 998 2699 praebens',
1033 2619 1136 2683 altera
1152 2613 1205 2681 ‘ex
1228 2619 1359 2684 adverso

172 2723 382 2811 respondens'.
413 2747 448 2792 ex
477 2728 591 2810 quibus
615 2747 661 2812 ea,
685 2747 779 2812 quam
803 2730 976 2811 posteriore
999 2732 1067 2796 loco
1095 2731 1272 2810 attulimus,
1302 2750 1358 2797 suo

173 2841 240 2904 iure
268 2859 341 2905 usus
371 2843 420 2905 est
447 2840 638 2920 Athenaeus,
674 2861 736 2906 non
766 2859 801 2905 eo
829 2843 953 2923 quidem
988 2843 1126 2922 coneilio,
1161 2844 1198 2907 ut
1227 2843 1358 2909 Pindari

172 2948 277 3018 locum
307 2953 346 3017 ad
376 2953 506 3018 verbum
540 2953 813 3037 interpretaretur,
849 2955 902 3020 sed
932 2958 968 3018 ut
998 2975 1068 3020 eum
1097 2955 1274 3021 accuratius
1306 2975 1358 3019 ex·

170 3063 310 3148 plicaret.
334 3085 370 3131 ae
392 3067 458 3131 sive
482 3067 577 3133 verba
598 3067 739 3145 Pindari,
770 3068 824 3150 qui
851 3068 982 3133 fortasse
1005 3069 1071 3151 ipse
1102 3072 1234 3150 utroque
1263 3086 1358 3132 sensu

176 3194 284 3241 vocem
307 3177 397 3243 illam
419 3178 614 3258 adhibuerat,
638 3179 780 3261 peniora
803 3183 876 3244 ante
899 3181 1003 3245 oculos
1019 3180 1141 3257 habuit,
1166 3180 1232 3244 sive
1249 3181 1357 3245 eodem

172 3286 299 3353 tantum
321 3306 395 3355 usus
419 3290 596 3375 fragmento
627 3309 681 3357 suo
704 3292 808 3357 Marte
836 3293 918 3357 hanc
946 3291 1184 3375 explicationem
1213 3291 1357 3374 protulit,

172 3400 256 3464 certe
278 3420 344 3466 rem
367 3422 424 3468 acu
447 3404 563 3485 tetigit,
588 3404 680 3469 facile
703 3406 811 3469 antem
834 3405 1017 3487 explicatur,
1041 3425 1096 3470 cur
1119 3384 1298 3488 Terpander
1316 3407 1357 3472 ad

172 3512 332 3578 barbitum
355 3514 574 3581 fabricandum
597 3517 745 3601 diapason
769 3517 896 3602 gravius
920 3516 1100 3582 adhibuisse
1122 3517 1164 3581 sit
1186 3519 1357 3601 putandus.

276 3728 296 3794 6γ
314 3728 350 3783 cf.
368 3727 466 3782 Athen.
485 3729 550 3783 XIV
568 3735 618 3783 635
637 3729 670 3783 C:
689 3729 736 3781 καὶ
754 3730 886 3798 Φρύνιχος
904 3727 960 3782 δ’ἒν
978 3730 1136 3790 Φοινίσσαις
1153 3731 1257 3800 εἴρηκε·

377 3825 526 3890 ψαλμοῖσιν
544 3822 704 3875 ἀντίσπαστ’
721 3823 860 3883 ἀείδοντες
878 3824 952 3892 μέλη.

170 3917 217 3970 καὶ
233 3918 384 3985 Σοφοκλῆς
401 3915 431 3971 ἐν
448 3919 571 3977 Μυσοῖς·

377 4012 462 4072 πολὺς
479 4011 509 4065 δὲ
528 4012 602 4081 Φρὺξ
618 4013 759 4081 τρίγωνος,
777 4014 947 4067 ἀντίσπαστά
964 4033 994 4068 τε

378 4107 472 4175 Λυδῆς
490 4105 606 4176 ἐφύμνει
623 4108 755 4175 πηκτίδος
772 4109 925 4178 συγχορδία.

171 4200 206 4256 ci.
224 4218 251 4271 p.
270 4207 320 4255 636
339 4203 369 4267 B,
388 4203 435 4256 nbi
455 4203 584 4271 Diogenis
603 4205 696 4270 poetae
714 4204 813 4273 tragici
831 4220 923 4258 versus
942 4207 1177 4259 commemoratore

378 4301 498 4366 ψαλμοῖς
515 4299 656 4369 τριγώνων
673 4300 813 4366 πηκτίδων
831 4298 988 4366 ἀντιζύγοις.
