3120 4966
670 303 883 409 --66--Ι

182 492 256 576 (XV
278 493 355 576 694)
386 493 436 558 bei
468 491 650 558 demselben
673 491 856 558 Gasimahle
885 481 1117 558 naoheinander
1144 493 1255 576 singen
1278 492 1365 571 lasst,

182 623 216 668 so
238 606 360 669 musste
384 623 416 669 es
440 604 543 670 einem
563 604 656 688 jeden
680 606 777 672 (laste
799 604 978 683 freistehen,
1009 604 1070 668 mit
1097 603 1151 669 der
1180 605 1370 670 mctrischen

184 716 311 783 Gestalt
340 715 483 802 augleich
513 716 592 780 anch
623 715 674 780 die
703 715 823 781 Tonart
855 736 893 781 zu
922 716 1087 797 vveohseln,
1120 717 1183 783 und
1213 716 1374 782 vielleioht

182 828 288 894 iihrte
311 829 360 894 die
382 846 479 912 ganne
496 827 726 910 Dichtungsart
748 830 861 912 gerade
882 847 941 893 von
958 828 1076 894 diesem
1093 827 1268 893 Umstande
1282 830 1373 894 ihren

183 937 331 1006 Namen'.

285 1104 373 1169 Duae
397 1123 476 1186 quae
497 1106 781 1169 commemorentur
804 1108 922 1169 restant
944 1105 1126 1184 sententiae,
1151 1123 1284 1186 quarum
1301 1105 1373 1170 utra

93 1292 96 1297 .
183 1199 224 1282 sit
247 1216 474 1281 monstruosior
496 1235 532 1282 66
554 1217 738 1298 perversior,
761 1235 824 1281 non
847 1217 949 1282 ausim
971 1216 1161 1282 diiudicare:
1185 1217 1324 1282 Riemeri
1341 1218 1372 1280 61

182 1329 364 1411 Hartungii.
395 1345 431 1392 ac
452 1327 580 1392 Riemer
608 1328 640 1392 in
670 1327 767 1392 lexico
791 1329 908 1395 Graeco
931 1327 965 1392 II
988 1326 1053 1393 895
1076 1347 1123 1410 sq.
1153 1332 1202 1394 ed.
1226 1329 1273 1392 IV
1297 1329 1373 1393 haec

184 1439 279 1506 dicits
297 1434 391 1506 ‘vves
409 1437 489 1504 Stoff
501 1442 566 1504 und
582 1438 691 1529 Inhalt
707 1437 838 1516 betrifft,
861 1457 894 1503 66
910 1438 980 1504 6161
998 1457 1030 1502 66
1045 1438 1149 1516 lxurae,
1174 1439 1373 1524 atgerissene

183 1533 365 1630 Godanlxen,
399 1550 534 1634 lyrisohe
564 1550 781 1633 Aphorismen
816 1567 849 1613 66
878 1550 949 1614 dass
980 1569 1054 1614 man
1087 1551 1133 1614 sie
1163 1550 1285 1635 frigiich
1313 1571 1374 1616 von

183 1665 290 1744 κάλος,
313 1663 424 1736 notros
446 1659 585 1725 ableiten
608 1662 724 1726 konnte
750 1658 811 1743 (1).’.
835 1661 983 1744 Hartung
1006 1664 1111 1727 autern
1139 1664 1277 1743 (Griech.
1301 1665 1372 1747 Lyr.

183 1775 229 1838 1v
251 1793 280 1856 p.
304 1773 381 1855 228)
413 1773 458 1836 ita
479 1778 737 1856 argumentatur:
764 1769 837 1841 ‘Die
859 1774 970 1839 Lieder
998 1774 1121 1839 konnen
1145 1773 1374 1859 Quergedichte

186 1888 382 1969 (caetrog=
397 1891 512 1963 ἄνισος
533 1885 562 1951 d.
587 1886 618 1950 h.
647 1905 708 1951 von
731 1888 804 1951 dem
826 1890 915 1952 einen
944 1905 1017 1951 num
1047 1887 1163 1953 andern
1194 1888 1374 1971 springend)

187 1999 297 2061 darum
325 1999 464 2081 genennt
492 2000 616 2063 vvorden
643 1999 719 2077 sein,
748 1998 820 2063 vveil
848 1999 893 2063 sie
921 1999 968 2064 als
992 2000 1240 2084 Entgegnungen
1269 2001 1302 2064 in
1326 2000 1375 2064 die

189 2105 288 2184 Quare
313 2109 433 2193 lamen,
463 2109 536 2173 oder
559 2111 640 2175 auch
668 2109 740 2174 vveil
767 2109 813 2175 616
835 2109 934 2175 durch
956 2110 1079 2193 vvitzige
1103 2113 1298 2193 Anordnung
1319 2130 1375 2176 aus

189 2218 286 2283 ihrem
309 2218 438 2304 eigenen
461 2221 584 2287 Geleise
605 2221 746 2305 gerissen
768 2222 895 2286 vvurden
919 2219 1000 2307 (ΗΥ.

287 2390 382 2458 Nunc
403 2394 551 2476 quoniam
574 2394 836 2475 enumeravimus,
864 2393 1016 2477 quidquid
1040 2413 1059 2458 a
1082 2393 1242 2459 veteribus
1265 2413 1374 2459 recen-

186 2504 379 2587 tioribusque
421 2505 638 2589 grammaticis
677 2507 714 2571 de
750 2505 915 2571 scoliornm
951 2506 1077 2570 nomine
1115 2506 1163 2569 661
1204 2505 1374 2588 prolatum,

185 2619 329 2683 nostrum
368 2635 433 2682 esse
469 2621 565 2699 puto,
602 2623 639 2682 61
678 2620 824 2683 accurate
867 2617 1079 2682 examinemus
1121 2635 1376 2700 unamquamque

185 2728 386 2809 sententiam,
410 2747 472 2812 666
495 2750 527 2794 re
550 2730 680 2794 demum
703 2729 849 2812 perfecta,
873 2728 948 2812 quid
968 2729 1029 2813 ipsi
1044 2730 1232 2808 statuamus,
1258 2727 1376 2794 certius

185 2839 351 2906 enuntiare
373 2840 494 2906 licebit.
519 2860 555 2906 66
576 2842 715 2924 primum
738 2842 865 2924 quidem
880 2839 1073 2919 Dicaearchi,
1097 2822 1189 2923 quem
1206 2840 1374 2906 scoliorum

187 2970 301 3017 nomen
322 2953 361 3017 ab
384 2952 496 3018 inflexo
520 2954 652 3018 canendi
680 2954 787 3019 ordine
816 2955 971 3018 derivasse
1000 2971 1095 3035 supra
1123 2951 1270 3035 diximus,
1302 2970 1375 3016 exa·

185 3065 342 3130 minemus
365 3067 567 3145 sententiam,
598 3066 711 3151 quippe
737 3084 817 3148 6666
839 3067 929 3130 16616
952 3083 1043 3148 opere
1072 3064 1219 3129 arriserit
1241 3064 1374 3149 Ilgenio,

186 3179 223 3241 ut
245 3195 315 3242 eam
337 3180 429 3243 unice
452 3197 558 3244 veram
582 3197 648 3243 6666
671 3179 869 3261 comprobare
892 3178 1042 3242 studeret.
1080 3177 1134 3258 661
1158 3176 1268 3241 autem
1292 3178 1376 3242 hunc

187 3289 287 3354 secuti
319 3289 401 3365 sunt,
435 3290 524 3355 nulla
558 3289 684 3354 omnino
719 3307 800 3355 nova
832 3288 1009 3353 attulerunt
1042 3288 1239 3372 argumenta,
1275 3288 1375 3371 magis

186 3399 299 3482 ilgenii
322 3417 418 3482 quam
441 3402 627 3466 Dicaearchi
651 3402 750 3484 ipsius
771 3400 958 3465 auctoritate
982 3419 1048 3464 rem
1079 3418 1146 3464 esse
1175 3399 1376 3484 profligatam

188 3510 385 3578 arbitrantes.
423 3513 563 3595 primum
594 3515 691 3596 igitur
719 3514 939 3597 argumentum
962 3513 1053 3597 Ilgen
1082 3511 1171 3575 affert
1200 3513 1375 3577 16166666-

186 3623 282 3688 minis
313 3623 549 3706 explicationem
582 3643 645 3690 non
672 3625 835 3691 abhorrere
864 3645 883 3690 6
910 3623 1099 3689 Graecorum
1128 3642 1222 3705 more,
1260 3624 1373 3706 quippe

186 3754 258 3801 oum
280 3755 336 3818 per
358 3736 535 3819 analogiam
560 3738 657 3802 etiam
679 3740 797 3801 adalae
818 3738 898 3819 μέλη
922 3731 1144 3823 (6616166666)
1172 3740 1205 3799 61
1220 3737 1376 3811 κυκλίους

186 3851 308 3933 χορούς
329 3848 401 3912 inde
425 3865 538 3914 nomen
560 3848 713 3933 accepisse
738 3851 868 3926 constet,
899 3847 980 3931 quod
1003 3867 1022 3912 6
1044 3848 1145 3911 choris
1174 3846 1258 3911 cirea
1288 3864 1374 3911 aram

187 3959 238 4024 dei
252 3958 354 4024 ductis
370 3959 497 4024 cantata
512 3959 588 4036 sint,
612 3961 750 4043 itemque
771 3962 899 4043 στροφή
915 3963 947 4024 61
966 3961 1168 4043 ἀντιστροφή
1198 3958 1375 4038 (dicendum

187 4075 271 4136 erat:
301 4071 534 4154 ἀντίστροφος)
564 4088 583 4133 6
611 4072 750 4136 versione
781 4075 812 4136 et
840 4071 1014 4136 reversione
1044 4067 1230 4134 saltantium
1261 4085 1374 4132 nomen

186 4181 321 4247 habeant
343 4183 396 4264 (ef.
421 4184 443 4247 l.
460 4201 486 4248 o.
510 4201 561 4265 pp.
577 4181 680 4248 XCIV
703 4184 735 4248 et
757 4181 951 4265 CLXXVII).
976 4182 1074 4247 altero
1100 4183 1208 4245 autem
1230 4200 1304 4245 usus
1327 4182 1374 4243 est

63 4386 66 4391 ⁴
187 4293 276 4376 Ilgen
305 4297 489 4377 argumento
518 4314 555 4360 ex
583 4294 652 4377 ipsa
674 4313 707 4359 re
728 4295 838 4379 petito,
871 4314 931 4378 666
963 4294 1140 4375 explicaret,
1173 4293 1227 4374 qui
1257 4291 1375 4357 1661666

1201 4399 1217 4446 3
