3120 4966
650 332 866 398 ..62-

973 519 1098 587 ἐὼὸέ
1141 545 1156 588 ε

309 632 367 696 ἐὰν
390 633 524 718 ἀπειλῇ,
555 634 596 715 νὴ
620 633 674 697 Δί’
698 633 812 718 ἕτερον
838 633 918 715 (scil.
942 544 1089 711 οκζλιόν)
1113 546 1247 721 ἔσομαι.

308 734 469 828 ὦνθρωφ’
493 733 591 820 οὗτος
613 744 632 807 ὁ
654 747 834 827 μαιόμενος
856 746 892 807 τὸ
914 747 997 827 μέγα
1019 746 1149 828 κράτος,

308 857 480 939 ἀντρέψεις
503 856 550 919 ἔτι
573 857 634 920 τὰν
655 858 764 938 πόλιν,
789 857 810 919 ιλ
832 856 861 918 δ’
875 856 980 941 ἔχεται
1003 855 1118 940 ῥοπᾶς.

184 1010 259 1074 quos
297 993 337 1057 ad
374 1012 482 1059 versus
520 993 687 1059 scholiasta
729 994 806 1059 haee
851 993 1025 1059 adnotavit:
1071 985 1229 1079 ὦνθρωφ’
1275 985 1373 1071 οὗτος

184 1104 438 1188 ὁμαινόμενος’
472 1107 563 1191 παρὰ
585 1108 625 1169 τὰ
649 1102 818 1170 Ἀλκαίου·
847 1101 937 1190 ὥνηρ
967 1098 1064 1182 οὗτος
1086 1106 1105 1169 ὁ
1128 1108 1307 1190 μαιόμενος
1335 1108 1372 1170 τὸ

183 1220 266 1300 μέγα
288 1221 423 1302 κράτος,
447 1219 603 1303 αντρὲψει
624 1221 708 1302 τάχα
731 1220 792 1281 τὰν
814 1221 927 1283 πόλιν·
951 1220 1017 1282 uo’
1034 1220 1141 1302 ἔχεται
1159 1218 1273 1303 ῥοπᾶς.
1299 1220 1373 1284 ἀντὶ

181 1340 243 1394 τοῦ
272 1332 377 1412 ζητῶν
406 1332 489 1412 μέγα
518 1334 653 1414 κράτος·
689 1333 778 1392 οὕτω
808 1330 836 1392 δ’
854 1333 995 1405 Αἰολεῖς.
1031 1333 1062 1395 at
1097 1329 1135 1394 ad
1164 1349 1245 1396 vers.
1271 1332 1371 1398 1235:

183 1441 393 1525 ἀνατρέψεις·
417 1440 612 1526 ἀνατρέψεις
632 1443 754 1524 ταχέως
768 1442 828 1523 τὴν
842 1440 950 1523 πόλιν,
972 1443 1043 1525 ἥτις
1057 1444 1140 1528 πρὸς
1154 1455 1253 1508 τοῦτο
1269 1443 1370 1528 ῥέπει.

183 1553 308 1616 ἐκτῶν
323 1554 474 1617 Ἀλκαίου
504 1553 542 1616 δὲ
563 1553 713 1642 παρῳδεῑ
734 1554 780 1629 εἰς
801 1555 941 1618 Κλέωνα
970 1553 1014 1631 ὡς
1037 1557 1250 1638 μαινόμενον.
1287 1559 1370 1622 unde

183 1665 312 1747 apparet
334 1682 369 1728 ea
391 1682 511 1746 quoque
534 1665 690 1747 carmina,
726 1683 803 1747 quae
825 1669 1024 1731 στασιωτικά
1054 1668 1206 1732 uocantur
1227 1687 1246 1732 a
1266 1686 1371 1750 gram·

183 1776 322 1854 matiois,
352 1774 448 1841 soolia
470 1778 501 1840 et
524 1776 620 1841 fuisse
643 1780 673 1841 et
696 1778 854 1860 appellata
875 1796 950 1843 esse.
985 1798 1087 1844 nonne
1111 1798 1181 1845 uero
1204 1780 1237 1844 id
1261 1780 1369 1845 certis-

184 1886 299 1951 simum
329 1889 550 1970 argumentum
585 1892 632 1952 est
660 1891 759 1953 totam
791 1889 910 1973 poesim
940 1892 1078 1954 veterem
1101 1892 1264 1957 Aeolicam
1293 1892 1369 1956 olim

183 1999 281 2064 fnisse
297 1999 502 2080 convivalem,
525 1998 571 2064 ita
592 2003 629 2064 ut
644 1999 783 2065 earmina
798 2002 964 2066 seoliorum
979 2003 1103 2068 nomine
1125 2006 1252 2086 possent
1274 2004 1369 2087 signi-

182 2110 292 2176 ficarit
324 2111 378 2193 qui
406 2114 513 2175 autem
544 2111 646 2193 poesis
671 2111 801 2176 melicae
825 2113 1001 2198 fragmenta
1030 2113 1147 2179 edenda
1171 2116 1369 2196 curaverunt,

182 2222 298 2304 partim
338 2223 477 2287 veterum
511 2224 788 2304 grammaticorum
822 2227 962 2309 exempla
995 2227 1113 2304 secuti,
1158 2226 1277 2309 partim
1314 2244 1369 2292 suo

183 2333 312 2398 arbitrio
335 2335 426 2416 plura
450 2353 564 2418 genera
587 2335 835 2402 constituerunt:
865 2342 1039 2422 παροίνια,
1063 2343 1266 2421 συμποτικά,
1290 2339 1370 2423 ἐρω-

182 2449 256 2511 τικά
278 2445 355 2523 alia3
384 2449 416 2510 et
438 2449 522 2510 recte
544 2446 680 2527 quidem,
709 2447 799 2512 modo
823 2432 985 2513 teneamus
1008 2449 1056 2513 his
1079 2450 1256 2516 nominibus
1280 2469 1371 2533 argu·

182 2560 288 2624 menta
311 2562 435 2623 tantum
466 2559 640 2623 carminum
670 2560 854 2642 significari,
883 2578 945 2625 uno
973 2563 1079 2625 autem
1109 2580 1198 2643 posse
1227 2581 1368 2645 compre-

182 2669 276 2734 hendi
306 2671 371 2735 eins
400 2669 485 2735 modi
515 2673 653 2736 earmina
682 2671 859 2737 convivalia
892 2673 1014 2736 nomine
1042 2675 1062 2736 i.
1087 2693 1113 2736 e.
1147 2675 1272 2738 nomine
1303 2692 1369 2738 sco-

182 2780 295 2846 liorum
303 2779 358 2864 ³¹).

286 2891 347 2958 Sed
373 2894 469 2958 etiam
493 2895 575 2977 apud
599 2895 676 2960 alias
693 2893 844 2959 Graeciae
860 2901 968 2978 gentes
991 2896 1042 2960 hie
1057 2896 1124 2960 illio
1139 2898 1277 2962 earmina
1295 2916 1367 2962 con-

182 3004 299 3072 vivalia
327 3007 361 3070 in
383 3007 565 3071 universnm
588 3007 685 3072 scolia
708 3007 867 3090 appellata
898 3026 963 3072 esse
987 3009 1189 3074 manifestum
1211 3009 1249 3074 fit
1271 3009 1368 3074 Anti-

181 3116 291 3202 phanis
314 3117 417 3182 uerbis
441 3121 523 3201 apud
546 3118 662 3185 Athen.
686 3118 745 3183 XV
769 3119 833 3184 695
857 3121 897 3185 F:

403 3251 579 3341 Ἁρμόδιος
598 3257 796 3339 ἐπεκαλεῖτο,
819 3260 923 3322 παιὰν
946 3256 1054 3344 ᾔδετο,

406 3371 552 3452 μεγάλην
574 3369 656 3445 Διὸς
679 3374 828 3454 σωτῆρος
850 3375 973 3434 ἄκατον
996 3361 1056 3454 ἦρέ
1077 3392 1136 3447 τις.

182 3507 293 3591 quibus
324 3507 466 3572 versibus
499 3507 566 3571 ueri
596 3507 699 3573 simile
731 3507 768 3572 fit
803 3508 948 3573 scoliam.
967 3507 1049 3572 illud
1081 3507 1304 3573 celeberimnm
1335 3510 1368 3574 in

182 3620 388 3686 Harmodium
428 3619 524 3684 etiam
564 3621 601 3684 nt
637 3638 788 3701 paeonem
829 3619 990 3685 cantatum
1030 3638 1105 3683 esse.
1158 3639 1231 3685 nam
1269 3620 1369 3686 scolia

182 3732 221 3797 ab
245 3731 389 3797 omnibus
420 3732 516 3797 etiam
551 3732 647 3797 simul
677 3735 804 3798 cantata
833 3751 899 3797 esse
928 3736 963 3796 nt
985 3750 1120 3815 paeones
1146 3734 1244 3799 tradit
1266 3732 1366 3800 Clam.

180 3845 271 3909 Alex.
289 3845 339 3922 72,
356 3843 376 3908 3
393 3842 429 3909 S:
453 3845 588 3908 σκολιὸν
610 3837 708 3928 ᾑὸετο
731 3853 852 3921 κοινῶς
868 3845 1024 3908 ἁπάντων
1040 3844 1107 3927 ἅμα
1123 3851 1220 3932 φωνῇ
1234 3867 1366 3910 παιανι-

181 3955 313 4036 ζόντων.
338 3956 512 4022 conferatur
535 3956 631 4020 etiam
655 3956 769 4021 Athen.
794 3956 810 4019 l
833 3957 875 4022 23
897 3957 938 4021 E:
965 3958 1160 4040 Θεόπομπος

285 4251 317 4316 ³¹)
336 4248 483 4316 Quaecum
495 4245 536 4300 ita
545 4245 610 4314 sint,
623 4249 734 4317 apparet
744 4247 881 4317 ilgenium
893 4247 993 4302 falsum
1006 4263 1063 4301 esse
1075 4248 1207 4302 dicentem
1221 4264 1246 4316 p.
1256 4246 1366 4303 CXCVI

181 4345 296 4413 pessime
314 4343 401 4412 egisse
419 4341 567 4407 Nemeum,
582 4343 655 4412 quod
675 4342 768 4399 Alcaei
786 4343 906 4398 carmina
924 4343 995 4397 inter
1014 4341 1096 4397 scolia
1114 4342 1273 4399 rettulisset.
