3120 4966
670 347 884 414 ..57-

184 539 223 604 ab
247 539 391 603 omnibus
416 537 557 603 convivis
580 558 616 603 ex
639 537 758 614 ordine,
781 539 917 603 alterum
936 558 954 603 a
970 539 1129 605 nonnullis
1151 541 1370 607 tantummodo

184 652 343 716 tentatum
366 652 432 715 sit?
464 650 607 733 equidem
631 649 711 713 nihil
734 651 869 733 reperire
892 671 1030 734 possum.
1055 671 1096 717 an
1118 653 1153 716 tu
1176 653 1255 718 serio
1278 657 1370 735 putas

183 781 309 828 carmen
343 763 499 844 quoddam
529 763 637 827 Alcaei
667 763 717 826 vel
747 762 953 828 Anacreontis
987 765 1026 828 ab
1055 765 1198 829 omnibus
1231 766 1370 846 potuisse

184 874 264 953 oani,
287 873 383 939 seolia
401 878 506 938 autem
522 876 554 939 in
570 874 788 953 Harmodium,
804 874 989 952 Admetum,
1008 877 1135 940 Aiacem
1159 877 1221 941 alia
1244 878 1369 943 tantum

183 1005 202 1052 a
225 986 436 1051 doctissimis?
466 986 609 1051 minime.
639 987 744 1068 itaque
772 1005 869 1068 neque
898 1006 971 1052 ere
999 987 1100 1070 logica
1128 989 1264 1055 alterum
1292 991 1371 1055 illud

182 1098 283 1181 poesis
306 1099 477 1163 convivalis
500 1117 599 1183 genus
623 1098 746 1162 defendi
769 1100 880 1180 potest,
906 1103 946 1179 et,
971 1104 1050 1182 quod
1074 1101 1164 1184 llgen
1187 1104 1224 1167 de
1247 1103 1372 1167 nomine

176 1205 360 1294 ‘nepotem'
388 1215 423 1274 ut
446 1210 533 1274 illius
554 1210 679 1294 generis
702 1212 825 1292 proprio
850 1211 938 1288 dixit,
970 1213 1001 1277 id
1024 1213 1088 1277 iam
1111 1213 1188 1278 satis
1218 1232 1371 1296 superque

81 1405 83 1408 y
181 1322 335 1388 refutasse
358 1322 448 1388 nobis
471 1325 615 1388 videmur
640 1325 682 1406 (p.
707 1322 750 1387 50
771 1330 862 1404 sqq).

287 1433 346 1499 Sed
374 1437 471 1499 etiam
500 1434 561 1500 alia
590 1436 713 1499 ratione
741 1435 949 1500 demonstrari
977 1437 1092 1519 potest,
1123 1457 1201 1519 quae
1233 1440 1373 1503 earmina

182 1545 299 1611 fuerint
322 1546 429 1611 seolia.
461 1547 576 1612 etenim
605 1548 726 1629 optima
755 1547 815 1624 via,
846 1567 907 1630 qua
936 1552 1058 1613 eertum
1086 1549 1242 1632 quoddam
1271 1550 1373 1633 poesis

181 1678 280 1743 genus
303 1660 509 1744 cognoscatur
532 1661 659 1742 eiusque
682 1662 796 1723 natura
818 1662 903 1723 reete
926 1659 1108 1742 explicetur,
1134 1680 1170 1726 ea
1192 1680 1260 1727 esse
1284 1661 1371 1727 uide·

182 1771 243 1849 tur,
274 1770 311 1835 ut
338 1771 482 1836 accurato
512 1770 690 1853 inquiratur
718 1771 750 1834 in
775 1789 811 1834 ea
839 1771 932 1836 huius
963 1772 1087 1854 generis
1119 1774 1265 1852 earmina,
1295 1792 1374 1856 quae

181 1880 271 1949 nobis
293 1888 367 1947 sunt
390 1885 522 1957 seruata,
546 1884 641 1965 atque
664 1882 850 1965 exploretur,
874 1901 953 1964 quae
975 1884 1018 1948 sit
1035 1901 1142 1948 eorum
1158 1883 1260 1948 forma
1277 1902 1372 1966 quae·

182 2014 241 2078 que
265 1999 460 2076 argumenta.
486 2012 565 2076 quae
581 2013 650 2057 oum
668 1994 714 2058 ita
733 2013 766 2058 se
789 1993 935 2072 habeant,
959 1995 1098 2076 primum
1120 1994 1317 2077 inquiramus
1340 1997 1373 2060 in

182 2105 348 2171 sooliornm
372 2108 481 2169 metra.

285 2217 371 2296 Quae
408 2216 513 2300 Bergk
553 2217 680 2300 collegit
720 2217 818 2281 aeolia
859 2214 992 2297 triginta
1036 2217 1258 2283 diversissimis
1299 2223 1374 2285 sunt

184 2330 355 2412 composita
384 2329 500 2392 metris.
532 2347 719 2411 quamquam
749 2330 924 2394 notandum
951 2348 1018 2395 esse
1040 2331 1164 2396 uidetur
1185 2332 1217 2395 in
1242 2331 1374 2398 dimidia

187 2440 249 2505 fere
271 2459 378 2505 eorum
401 2441 490 2522 parte
513 2459 612 2504 unum
641 2440 785 2523 idemque
815 2442 942 2525 reperiri
971 2447 1120 2507 metrum.
1153 2445 1251 2510 seolia
1279 2446 1373 2527 enim,

187 2570 261 2637 quae
283 2553 359 2619 sunt
381 2553 463 2635 apud
481 2551 653 2635 Bergkium
676 2555 747 2618 inde
771 2572 790 2619 a
811 2554 912 2635 primo
935 2571 1032 2636 usque
1055 2555 1094 2619 ad
1117 2558 1266 2638 quartum
1290 2557 1374 2623 deoi-

184 2685 279 2745 mum,
303 2668 342 2731 ad
365 2665 444 2730 hane
467 2677 609 2729 normam
632 2670 705 2729 sunt
729 2667 918 2748 composita:

185 3248 327 3313 conferas
350 3247 485 3329 exempli
508 3245 609 3328 gratia
632 3246 762 3310 scolium
786 3246 864 3310 VII:

434 3383 498 3448 εἴθ’
522 3382 598 3466 ἐξῆν
620 3383 734 3458 ὁποῖός
756 3407 805 3459 τις
826 3373 869 3466 ῆν
891 3382 1028 3458 ἕκαστος

433 3496 469 3559 ιδ
493 3501 617 3579 στῆθος
639 3493 790 3575 διελόντ’,
812 3495 924 3559 ἔπειτα
945 3494 1005 3558 τὸν
1027 3506 1113 3558 νοῦν

433 3607 596 3688 ἑσιδόντα,
619 3609 794 3671 κλείσαντα
815 3610 926 3686 πάλιν,

432 3719 538 3803 ἄνδρα
562 3721 661 3802 φίλον
684 3719 829 3802 νομίζειν
852 3717 979 3793 ἀδόλως
1002 3720 1110 3802 φρενί.

183 3872 268 3937 idem
283 3875 390 3939 autem
406 3877 544 3938 metrum
559 3873 804 3955 deprehenditur
818 3873 851 3938 in
868 3871 1031 3954 Aristoph.
1045 3871 1160 3937 Eooles.
1177 3890 1206 3937 v.
1221 3871 1283 3938 938
1296 3889 1373 3954 sqq,

183 3983 239 4049 ubi
260 3984 383 4051 iuvenis
406 3986 534 4069 quidam
558 3986 643 4051 canit
668 4004 803 4062 oarmen,
833 3986 914 4068 quod
937 3984 1005 4049 sine
1028 3983 1124 4050 dubio
1143 3986 1247 4048 ortum
1269 3987 1316 4048 est
1339 4001 1374 4046 ex

183 4095 362 4162 imitatione
385 4097 473 4162 seolii
498 4116 517 4163 a
538 4095 627 4162 nobis
650 4099 741 4162 modo
764 4097 870 4162 allati:

432 4235 495 4300 εἶδ’
521 4233 596 4317 ἐξῆν
618 4238 709 4320 παρὰ
731 4240 770 4320 τῆ
793 4238 853 4322 νέα
876 4234 1066 4313 καθεύδειν,

434 4347 555 4430 καλ.μῆ
575 4343 640 4411 ’δει
663 4350 828 4432 πρότερον
857 4346 1079 4429 διασποδῆσαι
