3120 4966
692 326 903 389 ..90-

205 516 327 581 rettulit
355 517 481 599 quidem
511 516 659 598 Hariung
687 515 709 578 l.
739 533 766 579 o.
795 513 841 578 VI
863 512 925 577 241
950 532 1018 596 sqq.
1051 513 1199 595 quattuor
1227 514 1296 578 eius
1325 514 1390 583 fra-

205 630 334 711 gmenta
366 629 448 694 inter
477 627 582 706 scolis,
614 629 707 709 atquo
737 625 820 691 idom
851 626 914 691 fora
947 627 1095 691 statuisse
1124 627 1248 691 videtur
1277 627 1390 708 Bergk,

207 740 261 821 qui
289 759 326 805 ea
354 740 479 806 erotiois
508 738 637 819 inibuit,
672 739 726 802 sed
748 741 794 804 vad
821 738 861 803 fr.
884 737 925 802 27
955 737 1032 802 haoo
1055 737 1234 804 adnotavit:
1266 730 1392 802 ‘rettuli

208 849 293 917 Inter
306 851 447 945 erotica,
472 849 773 934 Neue,[Baoohydis
792 848 848 915 cei
863 849 1049 930 fragmenta.
1075 848 1177 913 Beroi.
1203 848 1301 931 1823]
1323 866 1391 913 soo-

208 962 289 1027 lium
321 962 387 1028 sivo
414 963 599 1045 paroenium
622 979 747 1026 carmen
775 978 842 1026 osso
869 961 975 1044 putat,
1010 960 1144 1026 ethaeo
1168 959 1392 1027 arraneoassi-

209 1073 318 1137 tudine
342 1072 505 1137 coniuncta
527 1070 618 1137 suni!
1195 1074 1199 1080 “

566 1340 569 1345 ·
684 1329 718 1396 8.
743 1329 916 1399 Pindarus.
956 1407 959 1412 ¹

315 1472 528 1549 Clarissimum
557 1488 682 1568 poetam
714 1485 1046 1569 lyrionm‘Pindarum
1075 1481 1260 1550 Thebanum
1289 1485 1394 1551 sooliis

209 1595 435 1679 componendis
458 1615 584 1678 operam
608 1598 731 1663 dedisse
755 1599 876 1662 veteres
898 1601 1039 1690 auctores
1059 1596 1188 1686 tradunt
1203 1596 1252 1662 hi:
1276 1595 1393 1662 Athon.

209 1706 289 1771 XIII
311 1707 375 1773 573
400 1706 440 1772 F:
477 1710 646 1794 Πίνδαρός
667 1733 701 1774 τε
724 1711 760 1773 τὸ
789 1712 851 1793 μὲν
880 1718 1011 1793 πρῶτον
1039 1709 1184 1800 ἔγραψεν
1214 1710 1260 1785 εἰς
1291 1710 1394 1773 αὐτὸν

207 1819 401 1903 ἐγκώμιον.
426 1868 466 1886 ..
500 1823 643 1906 ὕστερον
672 1823 709 1886 δὲ
742 1823 798 1885 καλ
831 1822 965 1886 σκολιὸν
993 1821 1030 1886 τὸ
1061 1822 1152 1905 παρὰ
1181 1820 1241 1903 τήν
1268 1823 1394 1908 θυσίαν

208 1925 331 2016 ᾀσθέν,
363 1932 404 1996 id.
429 1931 506 1996 XIV
529 1933 593 1999 635
616 1933 660 1997 B:
695 1932 809 2017 διόπερ
833 1933 888 2027 καλ
912 1932 1085 2014 Πίνδαρον
1107 1933 1273 2023 εἰρηκέναι
1295 1931 1332 1995 ἐν
1350 1935 1395 2018 τῷ

207 2043 290 2126 πρὸς
317 2037 453 2128 Ἱέρωνα
475 2047 595 2131 σκολιῷ
620 2046 694 2124 κτὲ,
724 2044 767 2109 id.
791 2045 821 2110 X
842 2044 905 2109 427
926 2043 970 2109 D:
1001 2043 1116 2128 διόπερ
1140 2046 1196 2109 καί
1217 2045 1258 2108 τὰ
1272 2045 1396 2131 ..σκολιὰ

208 2157 399 2238 καλούμενά
419 2160 498 2241 με’λη
514 2166 586 2249 τῶν.
602 2158 748 2241 άρχαίων
763 2165 910 2239 ποιητῶν
929 2158 1036 2240 πλήρη
1059 2155 1135 2220 ἐστί.
1157 2150 1243 2247 ιλίγω
1259 2151 1300 2246 δ’,
1323 2155 1397 2245 οἷον

209 2266 265 2328 καί
288 2254 456 2351 Πίνδαρος
477 2270 634 2351 πεποίηκεΙ
656 2269 731 2348 κτὲ,
755 2248 853 2333 schol..
871 2268 969 2332 Arist.
992 2267 1125 2350 Lysistr.
1150 2288 1177 2332 v.
1198 2267 1290 2355 1231:
1314 2268 1396 2331 ὅταν

208 2380 271 2460 γάρ
295 2400 344 2455 τις
366 2373 430 2464 ᾇοη
447 2381 511 2443 ἀπὸ
534 2389 600 2443 τῶν
623 2383 765 2445 σκολιῶν
789 2380 973 2464 Πινδάρου,
997 2378 1084 2449 Suid,
1108 2397 1133 2444 s
1158 2399 1186 2442 v.
1209 2381 1396 2460 Ἀθηναίας,

209 2490 262 2553 ubi
291 2488 405 2572 legitur
438 2491 494 2554 καὶ
518 2493 686 2575 Πίνδαρος
714 2492 750 2556 ἐν
774 2495 890 2577 σχολή,
925 2489 1006 2573 quod
1028 2493 1111 2555 rode
1141 2491 1207 2555 iam
1235 2489 1397 2553 duduma

214 2592 300 2666 uiris¹
322 2602 420 2667 dooiis
443 2601 599 2666 mutatum
630 2603 678 2666 est
706 2605 754 2667 in:
784 2603 820 2666 ἐν
843 2607 995 2679 σκολιοῖς.
1023 2603 1146 2686 praeter
1172 2619 1209 2666 ea
1232 2600 1399 2666 sooliorum

210 2712 338 2777 Pindari
367 2711 490 2804 mentio
512 2712 549 2794 fit
573 2713 654 2798 apud
678 2712 764 2779 Suid.
791 2733 814 2778 s.
839 2732 867 2779 v.
899 2714 1083 2798 Πίνδαρος,
1117 2712 1172 2778 ubi
1194 2715 1305 2796 poetae
1328 2731 1396 2777 oar-

211 2824 298 2889 mina
327 2826 371 2888 sio
394 2825 593 2907 digeruntur:
628 2825 772 2909 ἔγραψεν
798 2825 835 2890 ἐν
857 2826 997 2908 βιβλίοις
1020 2822 1058 2902 ιζ
1080 2824 1210 2909 Δωρίδι
1238 2823 1396 2910 διαλέκτῳ

211 2947 330 3000 ταῦτα·
350 2933 616 3020 Ὀλυμπιονίκας,
652 2939 861 3013 Πυθιονίκας
892 2939 1126 3020 [Νεμεονίκας,
1150 2932 1398 3020 Ἰσθμιονίκας],

210 3048 383 3130 προσόδια,
404 3050 581 3130 παρθένια,
597 3047 850 3132 ἑνθρονισμούς,
865 3050 1015 3133 βακχικοί,
1031 3049 1279 3131 δαφνηφορικά,
1301 3055 1397 3110 παιά-

211 3182 281 3237 νας,
304 3159 535 3243 δπορχήματα,
558 3161 701 3242 ὕμνους,
726 3157 966 3244 διθυράμβους,
990 3157 1114 3240 σκολιά,
1138 3159 1292 3242 ἐγκώμια,
1315 3162 1398 3243 θρή-

212 3294 302 3347 νους,
318 3268 468 3356 δράματα
483 3269 621 3356 τραγικά
641 3272 717 3354 (ιζ’),
740 3271 968 3357 ἐπιγράμματα
985 3273 1081 3337 ἑπικὸι
1097 3274 1152 3336 καὶ
1168 3263 1399 3363 καταλογάδην

212 3383 421 3465 παραινέσεις
453 3372 522 3460 τοῖς
546 3379 682 3466 Ἕλλησι
715 3385 771 3448 καί
804 3386 886 3448 ἄλλα
912 3388 1058 3448 πλεῖστα.
1094 3381 1398 3458 inVratislaviensi

215 3493 322 3558 autom
344 3492 473 3558 Pindari
496 3495 600 3559 codice
624 3496 690 3561 vita
712 3500 819 3578 poetae
842 3495 976 3576 legitur,
1011 3495 1046 3559 in
1069 3513 1131 3579 qua
1154 3493 1229 3558 haeo
1255 3496 1398 3559 dantum·

214 3604 304 3668 modo
329 3606 394 3670 eius
418 3624 511 3687 opera
533 3607 769 3673 enumerantur:
800 3610 945 3692 γέγραφε
967 3607 1004 3671 δὲ
1025 3608 1135 3699 βιβλία
1165 3605 1398 3699 ἑπτακαίδεκα·

214 3718 356 3801 ὕμνους,
378 3726 536 3798 παιᾶνας,
560 3715 781 3802 διθυράμβων
803 3715 844 3801 β’,
868 3718 1058 3802 προσοδίων
1081 3716 1120 3802 β’,
1143 3720 1336 3801 παρθενίων
1358 3714 1399 3800 β’,

215 3831 349 3912 φέρεται
371 3828 409 3892 δὲ
435 3830 491 3892 καὶ
512 3829 553 3912 γ’,
577 3830 595 3892 ὃ
618 3827 834 3914 ἐπιγράφεται
856 3832 1107 3913 κεχωρισμένων
1128 3831 1320 3913 παρθενίων
1352 3829 1400 3911 (ex

215 3938 362 4005 Boeokhii
381 3939 579 4022 coniectura3
614 3940 708 4006 codex
731 3940 829 4005 habet
851 3943 986 4025 φέρεται
1008 3942 1045 4005 δὲ
1072 3943 1128 4007 καὶ
1152 3946 1347 4025 παρθενίων
1368 3939 1399 4025 β’

214 4052 270 4116 καλ
282 4043 324 4134 γ’,
347 4051 366 4114 ὃ
385 4048 561 4135 ἐπιγράφει
583 4055 833 4137 κεχωρισμένων
854 4055 1072 4136 παρθενίων),
1097 4043 1341 4137 ὑπορχημάτων
1353 4045 1399 4137 β’,

213 4163 374 4246 ἐγκώμια,
404 4166 570 4247 θρήνους,
598 4164 755 4229 ἐπινίκων
783 4165 822 4229 δ’.
863 4168 956 4247 atquo
990 4164 1098 4229 eadem
1126 4163 1222 4229 habet
1251 4164 1397 4230 Eustath.

215 4273 272 4338 vii.
301 4273 394 4338 Pind.
428 4274 480 4340 34.
523 4274 557 4337 in
585 4274 690 4340 oodioo
717 4276 966 4342 vindobonensi·
983 4276 1092 4341 histor.
1128 4274 1181 4340 Gr.
1215 4295 1262 4340 nr.
1286 4274 1400 4342 CXXX
