3120 4966
670 319 887 384 ..29-

181 508 292 584 ποιίας
313 509 448 592 τρόπον,
472 509 523 573 ὅτι
539 508 670 583 σκολιὸς
686 498 739 591 ἦν,
762 508 902 572 ἀλλ’ὅτι
924 507 985 591 ούχ
1009 507 1150 584 άπαντες
1171 496 1255 593 ᾖδον
1278 506 1377 591 αὐτά,

183 620 377 702 ἀλλὰ-μόνοι
400 620 432 683 ολ
451 622 593 700 συνετοί,
616 619 768 684 nimirum
789 620 915 703 propter
937 620 1068 687 canendi
1090 619 1375 702 difficultatem¹⁷).

183 749 255 796 cum
278 730 435 814 Hesychio
458 731 556 815 igitur
578 730 686 807 altera,
711 750 805 814 quam
827 731 1003 811 attulimus,
1027 731 1184 798 consentit
1205 732 1371 798 Plutarchi

182 842 359 926 explicatio.

287 978 415 1062 Saepius
439 980 536 1047 saolia
559 983 843 1048 commemorantur
866 999 1036 1063 eorumque
1059 999 1174 1046 nornen
1196 974 1377 1064 explicatur

184 1094 217 1158 in
240 1092 367 1158 scholiis
392 1090 431 1159 ad
446 1092 670 1175 Aristophanis
687 1093 869 1176 comoedias
892 1093 948 1158 uhi
966 1092 1153 1159 scholiastae
1175 1093 1266 1158 modo
1289 1093 1375 1160 hanc

185 1207 274 1270 modo
317 1204 408 1270 illam
452 1208 626 1288 sequuntur
669 1204 925 1288 explicationem,
969 1222 1082 1271 noram
1124 1223 1186 1269 non
1225 1203 1368 1269 afferunt.

184 1315 283 1380 veluti
306 1315 340 1379 in
363 1315 481 1381 scholio
503 1317 543 1381 ad
559 1315 653 1399 Vcsp.
679 1336 708 1381 a.
733 1316 817 1380 1222
840 1315 917 1381 haec
939 1317 1104 1398 leguntur:
1133 1317 1271 1401 ἀρχαῖον
1293 1316 1376 1392 ἔθος

182 1427 402 1510 ἑστιωμένους
423 1423 517 1514 ᾅδειν
540 1428 737 1504 ἀκολούθως
760 1431 804 1514 τῷ
826 1430 957 1513 πρώτω,
980 1429 1010 1493 εί
1024 1431 1188 1493 παύσαιτο
1201 1436 1258 1510 τῆς
1273 1423 1372 1513 ᾠδῆς,

182 1540 223 1602 τὰ
244 1536 331 1621 ἑξῆς·
362 1539 417 1601 καὶ
445 1539 509 1621 γὰρ
532 1538 550 1600 ὁ
574 1536 607 1614 ἐξ
630 1538 731 1622 ἀρχῆς
753 1536 888 1622 δάφνην
915 1539 936 1622 ῆ
959 1543 1125 1624 μυρρίνην
1146 1542 1292 1623 κατέχων
1314 1527 1373 1623 ηἠδε

182 1649 377 1733 Σιμωνίδου
393 1649 413 1732 ῆ
429 1651 639 1733 Στησιχόρου
661 1650 753 1732 μέλη,
777 1654 870 1733 άχρις
891 1640 933 1714 οὗ
955 1653 1067 1733 ῆθελε,
1090 1651 1146 1715 καλ
1161 1653 1242 1733 μετὰ
1257 1661 1373 1731 ταῦτα,

183 1751 209 1848 pi
233 1762 396 1845 ἐβούλετο,
421 1760 533 1825 ἐδίδου
557 1763 618 1844 οὐχ
642 1760 686 1838 ὡς
707 1761 727 1843 ῆ
752 1759 840 1838 τάξις
863 1759 994 1847 ἀπῄτει·
1029 1765 1084 1826 καὶ
1107 1763 1218 1844 ἔλεγεν
1240 1760 1259 1824 ό
1282 1758 1374 1838 δεξά·

182 1896 282 1957 μενος
308 1871 399 1957 παρὰ
427 1884 487 1936 τοῦ
515 1876 649 1958 πρώτον
678 1874 718 1937 τὰ
741 1870 812 1955 ἑξῆς
840 1874 992 1949 κάκεῖνος
1018 1872 1173 1938 ἐπεδίδου
1201 1871 1316 1954 πάλιν,
1347 1861 1372 1960 ᾧ

184 1987 353 2069 ἐβούλετο.
377 1987 433 2049 διὰ
454 1986 491 2049 τὸ
506 1983 632 2061 πάντας
654 1975 717 2048 οὖν
732 1984 987 2069 ἀπροσδοκήτως
1010 1981 1105 2073 ᾅδειν
1127 1987 1182 2048 καὶ
1205 1987 1312 2066 λέγειν
1334 1985 1378 2048 τά

188 2100 262 2180 μέλη
292 2099 408 2162 σκολιὰ
436 2101 563 2180 εἴρηται
598 2097 654 2160 διὰ
681 2097 742 2178 τῆν
765 2097 956 2162 δυσκολίαν.
995 2097 1034 2160 ad
1055 2096 1185 2178 Vesper.
1218 2116 1247 2160 v.
1275 2095 1373 2162 1239:

189 2210 268 2273 ἔνιοι
290 2209 327 2274 δέ
343 2226 446 2293 φασιν
470 2208 513 2285 ὡς
536 2208 572 2273 ἐκ
595 2219 654 2273 τοῦ
678 2208 832 2273 ἐναντίου
855 2211 1180 2293 προσηγορεύθησαν
1195 2211 1311 2272 σκολιὰ
1333 2209 1377 2272 τδι

187 2325 342 2404 παροίνια
363 2323 461 2403 μέλη·
485 2321 572 2383 άπλά
593 2323 657 2405 γὰρ
681 2321 766 2384 αὐτὰ
788 2320 888 2405 ἐχρῆν
904 2317 989 2385 εἶναι
1011 2321 1067 2384 καλ
1090 2323 1210 2384 εὔκολα
1226 2319 1270 2396 ὡς
1283 2321 1375 2404 παρὰ

185 2435 286 2498 πότον
309 2428 472 2520 ᾀδόμενα·
502 2434 564 2496 οὐκ
589 2422 627 2496 εὖ
651 2433 687 2495 δὲ
710 2443 825 2497 τούτο·
853 2435 893 2495 τὰ
915 2433 979 2515 γὰρ
1003 2432 1163 2516 δύσφημα
1185 2431 1238 2496 ἐπὶ
1260 2433 1297 2495 τὸ
1320 2432 1373 2496 εύ-

92 2528 95 2533 ’
187 2547 375 2629 φημότερον
389 2541 681 2627 μεταλαμβάνεται,
704 2544 745 2607 ού
761 2544 827 2627 μην
843 2546 1044 2627 τοῦμπαλιν·
1068 2543 1136 2607 ἀλλ’
1156 2545 1207 2609 ὅτι
1229 2543 1292 2608 οὐκ
1308 2545 1373 2608 άπὸ

184 2667 243 2721 τού
268 2654 339 2739 ἑξῆς
362 2655 382 2738 ῆ
405 2658 491 2739 λύρα
512 2666 581 2731 τοῖς
604 2657 787 2739 συμπόταις
809 2654 956 2736 ἐδίδοτο,
984 2651 1049 2718 ἀλλ’
1076 2652 1214 2730 ἐναλλὰξ
1236 2655 1291 2719 διὰ
1314 2655 1379 2736 τῆν

185 2769 322 2831 σκολιὰν
357 2777 415 2849 τῆς
451 2770 554 2852 λύρας
589 2769 777 2852 περιφορὰν
815 2769 931 2830 σκολιὰ
969 2766 1107 2850 ἐλέγετο.
1152 2764 1237 2851 vides
1275 2765 1377 2850 igitur

185 2878 243 2944 hoc
279 2881 347 2945 loco
386 2879 571 2944 Dicaearchi
610 2879 851 2961 Artemonisque
889 2878 990 2960 repeti
1027 2876 1225 2942 sententiam.
1271 2877 1374 2960 priore

186 2992 291 3057 autem
315 2991 383 3057 loco
407 2989 487 3054 duae
511 2989 655 3055 confusae
678 2993 751 3054 sunt
780 2989 1020 3071 explicationes,
1049 2972 1150 3053 altera
1177 2988 1377 3066 Dicaearchi,

188 3104 243 3185 qui
261 3104 389 3187 propter
404 3101 596 3186 singularem
612 3101 743 3166 canendi
760 3101 902 3167 ordinem
918 3100 1014 3166 scolia
1035 3101 1146 3165 vocata
1167 3118 1233 3166 esse
1249 3100 1372 3181 statuit,

191 3215 291 3280 altera
306 3214 470 3279 Plutarchi
486 3214 706 3298 Hesychiique,
723 3214 777 3297 qui
794 3234 828 3278 ex
843 3215 975 3279 canendi
995 3214 1180 3281 difficultate
1203 3232 1238 3279 ea
1260 3231 1373 3277 nomen

189 3328 323 3392 traxisse
347 3328 551 3392 coniecerunt.
575 3325 736 3391 Eustathii
759 3331 866 3390 antem
888 3325 1043 3390 sententia
1065 3324 1182 3409 legitur
1205 3325 1236 3388 in
1258 3323 1378 3389 scholio

188 3441 226 3505 ad
251 3441 329 3505 Rau.
350 3457 379 3503 v.
405 3439 489 3502 1302
512 3438 611 3522 (1329
635 3437 681 3502 ed.
706 3436 890 3520 Invernin.):
914 3439 1030 3500 σκολιὰ
1051 3439 1132 3519 μέλη
1155 3438 1230 3500 τινὰ
1250 3452 1376 3520 προση·

186 3560 328 3635 χορικῶς
362 3553 450 3614 οὕτω
485 3554 661 3634 λεγόμενα·
697 3553 752 3614 καλ
787 3548 1073 3634 προπαροξύνεται
1107 3553 1254 3632 τοῦνομα
1292 3550 1376 3633 πρὸς

189 3661 365 3745 διαστολῆν
385 3673 446 3727 τού
470 3662 643 3728 ἐπιθέτου·
674 3664 762 3726 οὕτω
779 3662 816 3725 δέ
838 3663 965 3744 λέγεται
988 3661 1044 3725 διὰ
1067 3661 1103 3724 τὸ
1126 3661 1170 3744 μῆ
1193 3660 1263 3725 κατ’
1286 3661 1379 3724 εὐθὺ

188 3777 379 3859 μέλπεσθαι,
403 3775 485 3839 άλλα
507 3771 705 3859 σκολιῶςω).

292 4031 324 4098 17)
342 4030 503 4085 Plutarchus
526 4034 630 4100 quaest.
655 4030 781 4100 sympv
805 4035 829 4096 3,
856 4035 871 4083 2
904 4027 1011 4083 σκολιὸν
1038 4025 1193 4097 ἐπίγραμμα
1221 4028 1289 4082 dicit
1307 4028 1378 4098 nepi-

189 4138 309 4191 gramma
327 4124 468 4180 obscurum
487 4127 515 4180 et
533 4124 645 4179 difficile
663 4125 814 4181 intellectu.

292 4237 326 4304 ¹⁸)
355 4235 414 4291 Hoc
443 4236 562 4291 scholion
592 4236 727 4305 reperitur
755 4238 785 4290 in
816 4237 933 4292 editione
965 4235 1166 4302 Inverniniana,
1197 4234 1272 4291 deest
1302 4235 1376 4305 apud

189 4328 367 4386 Duebnernm.
