3120 4966
668 370 886 435 -55-

286 563 354 644 Quo
383 582 419 627 ex
453 563 520 627 loco
554 578 703 643 apparere
736 559 813 624 dicit
841 558 930 641 llgen
958 556 1043 621 hunc
1072 556 1168 621 fuisse
1203 553 1371 619 scolicrum

184 676 413 741 recitandorum
441 691 559 738 morem
582 674 626 754 (p.
647 670 728 736 CLX
743 674 842 753 sqq.):
866 669 920 752 qui
942 669 1043 751 primo
1066 667 1133 733 loco
1156 663 1370 741 accumbebat,

184 788 330 854 cantabat
353 776 503 865 scolium,
526 802 587 866 quo
609 782 697 847 finito
722 783 875 847 citharam
898 780 1044 845 tradebat
1066 778 1123 845 alii
1145 797 1182 845 ex
1203 776 1371 843 convivan-

186 898 274 963 tibus
303 897 390 963 nullo
419 896 536 961 ordinis
564 895 707 977 respectu
731 893 848 971 habito,
874 893 927 974 qui
949 891 1033 955 idem
1056 894 1280 972 crpomeatom
1302 893 1371 952 trc-

185 1011 289 1074 ctcbot
311 1010 449 1073 coriatis
468 1007 566 1072 uerbis
580 1010 609 1070 et
624 1005 797 1088 sententiis,
821 1005 932 1100 iisdem
955 1008 1073 1086 tamen,
1096 1004 1125 1068 si
1147 1002 1215 1068 ficri
1237 1004 1371 1083 poterat,
1489 986 1493 994 ¹

184 1123 340 1199 numeris;
374 1121 426 1185 hic
458 1118 571 1198 tertio,
607 1119 657 1182 cui
680 1118 821 1196 volebat,
852 1116 1006 1181 citharam
1028 1115 1172 1180 tradebat
1195 1133 1232 1178 ex
1254 1113 1372 1192 ordine,

189 1235 221 1299 et
243 1235 288 1299 sic
310 1233 379 1299 fieri
401 1233 538 1315 poterat,
563 1233 600 1294 ut
621 1229 803 1313 quinquies,
827 1227 926 1293 sexies
949 1247 985 1294 ac
1009 1228 1059 1292 rel
1082 1225 1183 1292 decies
1206 1225 1373 1292 scoliorum

189 1345 274 1412 orbis
308 1347 543 1411 instauraretur.
588 1344 664 1407 baec
695 1343 759 1407 fere
791 1341 892 1424 llgen.
926 1338 981 1405 sed
1014 1338 1094 1405 mihi
1127 1339 1242 1403 iterum
1277 1339 1372 1422 atque

187 1459 301 1522 iterum
314 1456 535 1541 Aristophanis
550 1457 653 1520 locum
668 1455 818 1519 tractanti
834 1472 897 1518 non
913 1453 1055 1535 contigit,
1071 1456 1107 1517 ut
1120 1453 1182 1517 tale
1195 1452 1269 1535 quid
1281 1451 1373 1519 elica·

184 1589 261 1634 rem.
288 1588 363 1633 num
387 1570 471 1633 euim
486 1567 576 1652 llgen
591 1566 723 1631 fortasse
737 1562 861 1648 putavit
882 1583 989 1629 rocem
1012 1564 1217 1648 clipeatorum
1233 1565 1372 1629 versibus

186 1681 270 1745 1222
282 1682 314 1746 et
329 1681 411 1747 1243
424 1674 723 1763 significare‘scolia
737 1678 874 1759 recipere
890 1678 944 1755 ita,
961 1680 996 1741 ut
1011 1676 1094 1740 idem
1110 1677 1262 1740 tractetur
1276 1694 1371 1759 argu-

187 1795 329 1856 mentum
354 1791 485 1858 variatis
514 1789 730 1856 tantummodo
762 1789 866 1855 verbis
874 1785 901 1854 θ’
938 1807 978 1852 an
1007 1789 1045 1852 ad
1068 1789 1158 1852 illam
1180 1786 1371 1853 sententiam

185 1904 339 1969 adductus
363 1906 411 1968 est
434 1895 545 1968 xcrsu:
580 1904 691 1978 οὐδεὶς
711 1901 836 1966 πώποτ’
861 1901 945 1984 ἀνὴρ
975 1900 1076 1984 ἔγεντ’
1104 1897 1277 1984 Ἀθήναις,
1311 1919 1372 1983 quo

188 2016 366 2081 continuari
388 2016 522 2099 putabat
544 2015 676 2080 scolium
701 2014 734 2079 in
755 2013 965 2080 Harmodium
987 2013 1077 2078 modo
1102 2013 1287 2078 cantatum?
1318 2013 1372 2077 sed

185 2128 260 2193 licet
290 2129 480 2192 concedatur
514 2130 597 2192 hunc
619 2145 746 2192 versum
775 2125 814 2191 ad
836 2123 1043 2190 Harmodium
1076 2129 1231 2214 spectare,
1265 2126 1370 2193 tamen

186 2256 247 2302 non
270 2239 412 2321 sequitur
440 2239 520 2303 hanc
548 2237 754 2320 principalem
783 2235 965 2303 cantionum
988 2237 1122 2302 formam
1151 2236 1262 2314 iuis,se;
1298 2255 1372 2302 nam

188 2351 389 2433 subsequitur
423 2352 534 2415 statim
563 2350 672 2416 Alcaei
705 2350 851 2428 molium,
886 2350 968 2432 quod
1001 2369 1101 2432 neque
1134 2348 1242 2414 eodem
1270 2350 1372 2416 metro

189 2480 288 2544 neque
311 2462 349 2526 de
371 2465 478 2528 eodem
502 2466 687 2545 argumento
710 2463 915 2544 compositum
940 2463 1002 2536 est,
1032 2481 1093 2545 quo
1116 2462 1280 2528 Harmodii
1302 2481 1371 2529 sco·

184 2575 275 2640 lium.
298 2593 387 2657 porro
403 2594 479 2639 num
495 2577 531 2638 tu
548 2573 705 2640 dubitabis
722 2573 837 2656 Ilgenii
863 2574 1099 2656 explicationem
1113 2574 1200 2639 verbi
1215 2576 1373 2659 δέχεσθαι

186 2685 325 2764 abicere,
355 2687 383 2750 si
407 2703 530 2751 versum
555 2685 638 2751 1243
664 2686 857 2768 inspexeris?
894 2706 967 2751 nam
989 2686 1215 2768 Aristophanes
1238 2686 1371 2751 Aeschi-

186 2817 258 2862 nem
282 2797 410 2862 oantum
433 2798 632 2878 excepturum
657 2816 722 2863 esse
746 2799 824 2862 dicit
847 2800 880 2862 et
902 2817 1027 2863 carmen
1051 2799 1165 2880 ipsum,
1191 2801 1273 2881 quod
1298 2819 1370 2865 cau·

187 2909 311 2974 taturus
334 2913 382 2973 est
406 2909 595 2988 Aeschines,
625 2908 726 2974 affert.
742 2914 784 2974 ‘at
809 2929 885 2974 num
908 2911 1016 2975 eodem
1040 2913 1139 2975 metro
1164 2912 1371 2992 compositum

186 3020 233 3084 est
262 3038 388 3086 carmen
419 3020 518 3098 illud,
533 3006 536 3010 ¹
553 3041 629 3085 num
658 3040 692 3085 eo
727 3021 809 3086 idem
844 3023 998 3087 tractatur
1033 3025 1254 3105 argumentum
1289 3023 1369 3104 quod

183 3133 277 3198 scolio
301 3132 526 3197 antecedente?

286 3261 347 3328 Sed
376 3262 441 3327 iam
470 3264 566 3328 totius
594 3261 654 3326 loci
682 3265 861 3327 contextum
890 3265 1132 3330 consideremus
1162 3263 1245 3330 filius
1273 3266 1371 3350 igitur

183 3374 267 3458 patri
294 3375 432 3458 primum
466 3374 628 3440 cuiusdam
657 3375 744 3439 soolii
773 3393 897 3438 versum
927 3375 1019 3451 dicit,
1053 3379 1141 3458 pater
1176 3381 1281 3443 autem
1309 3399 1371 3445 non

183 3486 267 3553 idem
304 3487 435 3553 scolium
473 3488 601 3566 recitat,
645 3489 699 3552 sed
738 3489 819 3552 alius
857 3489 944 3554 scolii
982 3490 1090 3567 rerba,
1129 3489 1242 3571 quibus
1280 3490 1384 3556 scclii¹

183 3600 338 3663 sententia
366 3599 536 3666 ridiculum
569 3601 602 3666 in
640 3600 767 3666 modum
802 3601 999 3666 immutatur.
1037 3605 1131 3685 atque
1165 3603 1272 3669 eodem
1306 3607 1370 3670 uti·

184 3729 242 3793 que
276 3710 367 3776 modo
403 3731 509 3778 versus
547 3713 758 3778 1245-1248
793 3712 966 3796 explicandi
999 3715 1083 3778 sunt.
1121 3719 1228 3781 eontra
1264 3720 1371 3783 autem

184 3841 233 3886 vv.
263 3822 477 3890 1236-1243
504 3825 642 3891 Theorus
665 3828 766 3890 totum
797 3826 928 3890 acolium
951 3826 1130 3910 cantans³⁴l
1153 3829 1301 3913 fingitur,
1330 3832 1370 3896 ad

184 3936 265 4017 quod
288 3934 446 4001 Philocleo
469 3938 531 4002 alio
558 3938 652 4002 scolio
681 3937 856 4020 respondet.
887 3939 948 4004 iam
972 3939 1094 4023 siquis
1123 3945 1260 4024 quaerat,
1290 3962 1370 4027 quae

287 4209 320 4278 ⁸⁴)
340 4212 507 4280 Quamquam
535 4211 606 4264 euim
629 4213 745 4280 primum
768 4214 876 4267 tantum
900 4228 1005 4267 versum
1029 4215 1136 4280 recitat,
1161 4216 1254 4270 tamen
1277 4217 1368 4270 totum

183 4305 296 4360 acolium
315 4321 375 4360 eum
394 4308 515 4359 cantasse
532 4307 584 4359 tibi
603 4305 690 4376 finges
708 4311 823 4377 oportet,
842 4309 912 4377 quod
931 4325 984 4365 non
1002 4309 1037 4363 ad
1055 4309 1174 4378 primum
1191 4326 1305 4376 versum,
1324 4311 1369 4366 sed

183 4399 217 4453 ad
236 4401 322 4455 totius
340 4402 417 4456 scolii
435 4402 599 4456 senteutiam
618 4402 762 4472 respondet
780 4402 927 4460 Philocleo.
