3120 4966
670 309 884 405 „42-

184 525 401 592 hexametrum
431 526 640 610 dactylicum,
670 530 808 594 metrum
837 527 915 594 illud
950 528 1220 612 antiquissimum,
1251 531 1373 614 ὄρθιον

184 637 259 701 clim
285 638 479 720 appellatum
503 656 577 704 esse.

288 749 347 814 Sed
370 769 410 815 ne
431 749 465 814 in
488 751 583 815 altam
605 753 728 833 partem
751 770 787 817 ac
804 752 890 817 dIcta
913 753 987 817 sunt
1010 751 1106 817 uerba
1128 770 1199 816 mea
1224 751 1368 834 accipias,

184 860 262 927 scito
291 881 341 926 me
373 861 457 926 haud
485 862 628 946 ignorare
651 863 882 947 grammaticis,
913 865 967 946 qui
991 863 1028 929 de
1050 867 1118 929 arto
1140 865 1271 929 metrica
1294 865 1370 928 sori·

183 973 322 1055 pserunt,
347 972 442 1038 orthii
464 991 577 1038 nomen
600 975 693 1059 longe
715 975 801 1040 aliud
824 974 899 1057 quid
923 974 1124 1058 significasse.
1148 974 1196 1039 illi
1212 975 1295 1039 enim
1316 978 1370 1057 ὄρ-

182 1089 261 1149 θιον
287 1086 319 1167 (i.
340 1105 366 1148 e.
382 1088 466 1150 recte
482 1087 715 1168 ascendentem)
734 1088 822 1151 πόδα
837 1088 957 1152 certum
979 1088 1136 1168 quoddam
1156 1087 1255 1152 iambi
1270 1106 1370 1172 genus

183 1196 397 1276 nominabant,
433 1197 471 1261 cf.
502 1197 636 1262 Aristid.
666 1198 772 1279 Quint.
805 1216 836 1279 p.
861 1199 901 1263 37
926 1199 973 1263 ed.
997 1198 1109 1264 Meib.:
1146 1202 1263 1284 ὄρθιος
1290 1201 1308 1263 δ
1335 1200 1371 1264 ἐκ

183 1312 389 1394 σετρασήμου
408 1313 534 1393 ἄρσεοις
556 1312 611 1374 καί
634 1310 824 1394 ὄντασήμου
848 1314 984 1389 θέσεως·
996 1317 1026 1376 et
1042 1330 1073 1393 p.
1087 1312 1143 1378 38:
1168 1313 1239 1377 ὁδὲ
1254 1316 1372 1398 ὄρθιος

185 1421 336 1507 (ἐκλήθη)
367 1420 481 1485 διὰτὸ
505 1424 628 1504 σεμνὸν
650 1423 936 1507 τῆςὺποκρίσεως
958 1425 1014 1486 καί
1035 1424 1171 1506 βάσεως.
1201 1424 1371 1507 (Bacchius

184 1552 249 1598 sen.
265 1552 295 1614 p.
313 1533 354 1598 25
372 1533 420 1596 M:
445 1536 564 1618 ὄρθιος
582 1533 614 1612 ἐξ
630 1537 753 1618 ἀλόγου
777 1540 903 1620 ἄρσεοις
924 1537 980 1600 καί
1002 1545 1130 1621 μακροῖς
1151 1539 1276 1614 θέσεως
1299 1539 1372 1603 οἷον

183 1645 282 1732 ὀργή,
312 1647 350 1710 de
376 1645 491 1727 quibus
514 1647 617 1712 verbis
640 1646 710 1710 vide
739 1665 819 1728 quae
847 1647 1020 1730 dIsputavit
1050 1647 1228 1729 Westphal,
1254 1647 1370 1713 Metrik

184 1755 215 1819 1⁹
237 1757 303 1836 96).
347 1759 362 1821 t
385 1777 488 1822 nonne
512 1759 612 1823 eidem
634 1759 764 1837 nomini,
789 1777 848 1840 quo
870 1760 1152 1840 grammaticorum
1174 1759 1371 1843 temporibus

186 1870 354 1954 rhythmus
379 1871 547 1935 ascendens
570 1869 817 1954 significabatur,
841 1871 1070 1953 antiquissimis
1089 1871 1282 1956 temporibus
1306 1872 1371 1936 alia

183 1981 284 2047 subici
306 1981 408 2064 potuit
432 1980 659 2066 senteutia?⁹⁴)
685 2001 880 2070 requerere
903 2001 960 2066 ego
983 1985 1010 2048 is
1033 2003 1113 2062 sum,
1137 1984 1191 2067 qui
1214 2003 1268 2067 pro
1285 1988 1370 2049 certo

183 2091 341 2158 affirmare
373 2093 505 2158 audeam
520 2072 750 2159 ¹hexametrum
786 2093 861 2159 olim
894 2095 1032 2159 orthium
1066 2095 1260 2179 appellatum
1294 2115 1370 2175 esse,

183 2205 327 2287 quamvis
349 2206 382 2270 id
406 2225 442 2270 ex
460 2205 516 2284 iis,
540 2224 619 2288 quae
641 2205 906 2289 supradiximus,
932 2223 995 2270 non
1018 2210 1084 2272 sine
1108 2207 1241 2290 quadam
1257 2209 1371 2290 proba·

184 2317 312 2382 bilitate
336 2317 516 2401 colligatur.
543 2318 647 2383 sedai
670 2318 761 2391 locos,
787 2336 863 2401 quos
886 2337 979 2400 supra
1001 2320 1174 2397 attulimus,
1199 2319 1372 2401 respexeris

183 2429 215 2492 et
237 2425 331 2498 rerba
359 2431 491 2496 Maximi
515 2429 605 2514 Tyrii
636 2429 892 2495 dissXXIIIc.
915 2430 1087 2512 adegeris:
1123 2432 1192 2496 ἀλλ’
1221 2433 1263 2495 od
1291 2440 1374 2495 πᾶσι

183 2546 268 2608 καλὰ
290 2544 370 2609 οὐδὲ
393 2545 444 2607 ἀεὶ
465 2540 566 2608 καλά·
590 2543 669 2606 οὐδὲ
690 2545 758 2625 γὰρ·
777 2553 844 2606 τῶν
865 2542 901 2606 ἐν
912 2548 1056 2628 μουσικῇ
1078 2546 1185 2625 μελῶν
1203 2544 1251 2619 είς
1271 2547 1374 2627 νόμος

184 2655 263 2720 οὐδὲ
286 2656 332 2730 εἷς
352 2659 481 2741 χρόνος.
516 2656 618 2719 καλὸν
639 2655 700 2736 μὲν
723 2654 759 2718 ἐν
781 2657 911 2741 πολέμῳ
934 2656 971 2718 τὸ
994 2656 1129 2739 ὄρθιον,
1152 2656 1256 2721 καλὸν
1277 2656 1314 2720 δὲ
1336 2655 1373 2719 ἐν

184 2774 357 2857 συμποσίῳ
380 2770 417 2833 τὸ
440 2772 626 2852 παροίνιον,
649 2768 705 2831 καί
727 2767 829 2830 καλὸν
851 2767 911 2848 μὲν
927 2767 1203 2849 Λακεδαιμονίοις
1221 2769 1259 2831 τὸ
1275 2768 1373 2850 ἐμβα-

184 2885 311 2965 τήριον,
331 2882 435 2945 καλὸν
458 2881 494 2944 δὲ
510 2881 700 2961 Ἀθηναίοις
713 2879 751 2943 τὸ
766 2880 913 2959 κύκλιον,
936 2880 991 2941 καί
1012 2880 1115 2942 καλὸν
1130 2881 1191 2961 μὲν
1212 2879 1248 2944 ἐν
1264 2878 1373 2956 διώξει
1434 2925 1437 2929 >

184 2997 222 3058 τὸ
241 2993 498 3076 ἐγκελευσιιιιόν,
521 2994 624 3056 καλὸν
647 2991 683 3056 δὲ
706 2991 742 3054 ἐν
765 2995 858 3076 φυγῇ
879 2991 917 3054 τὸ
940 2991 1173 3072 ἀνακλητικόν·
1195 2991 1291 3074 ἡδεῖα
1313 2992 1374 3076 μὲν

183 3115 274 3170 noca
297 3117 427 3187 μοῦσα,
451 3105 533 3167 ἀλλὰ
555 3105 592 3166 τὸ
614 3114 671 3187 τῆς
689 3105 800 3187 χρείας
821 3103 883 3187 οὐχ
905 3105 1022 3185 ὅμοιον
1044 3112 1167 3184 πᾶσιν,
1191 3104 1244 3168 ubi
1267 3107 1373 3186 aperte
1419 3155 1426 3170 .

186 3218 318 3282 carmini
336 3215 494 3280 convivali
510 3251 552 3263 -
575 3214 644 3298 quis
669 3215 752 3279 enim
776 3217 833 3293 est,
857 3216 910 3297 qui
926 3233 1000 3279 voce
1016 3219 1192 3299 παροίνιον
1207 3216 1292 3280 lecta
1312 3234 1373 3280 non

185 3328 296 3394 statim
326 3329 365 3392 de
388 3326 491 3392 scoliis
521 3328 637 3410 cogitet
661 3326 900 3409 -opponitur
930 3326 966 3391 ιδ
994 3330 1130 3412 ὄρθιον,
1167 3345 1229 3391 non
1257 3329 1373 3412 poteris

186 3440 307 3518 Iacere,
335 3439 410 3521 quin
434 3439 582 3504 concedas
607 3439 830 3521 antiquissima
853 3439 992 3503 carmina
1020 3439 1041 3504 i.
1068 3460 1094 3503 e.
1122 3439 1262 3505 carmina
1285 3440 1374 3523 spica

184 3552 374 3617 hexametrIs
398 3551 579 3634 composita,
602 3551 630 3615 si
644 3553 714 3633 ipsa
729 3551 832 3617 orthia
854 3568 915 3615 non
931 3550 1184 3628 nominabantur,
1209 3552 1315 3616 tamen
1338 3571 1374 3616 ea

185 3667 299 3729 natura
331 3664 425 3747 atque
454 3663 556 3729 indole
585 3663 683 3728 tuisse
714 3667 746 3727 et
772 3661 932 3727 veteribus
958 3662 1037 3744 ipsis
1060 3664 1107 3728 ita
1129 3664 1197 3727 visa
1220 3682 1300 3742 esse,
1338 3666 1373 3727 ut

189 3777 329 3843 carmina
351 3776 416 3841 illis
440 3775 585 3858 opposita
607 3773 724 3841 σκολιά
747 3774 809 3840 dici
831 3773 1000 3857 potuerint.

290 4052 324 4114 ²⁴)
343 4049 423 4118 Apud
447 4049 593 4103 Homerum
618 4048 725 4117 quidem
749 4048 861 4101 verbum
884 4048 983 4117 ὄρθιος
1005 4052 1046 4103 est
1070 4047 1144 4112 ἅπαξ
1161 4046 1305 4116 λεγόμενον
1329 4049 1365 4115 (11

184 4145 224 4200 XI
238 4151 268 4197 11
282 4143 364 4212 ἤόοεν
382 4144 477 4212 ὄρθια)
496 4146 524 4197 et
536 4143 688 4211 significat:
705 4138 912 4197 ε1117111111ιόοοῖ
926 4146 1008 4211 atque
1023 4142 1132 4196 eandem
1146 4141 1372 4210 significationem

186 4239 249 4292 haec
266 4254 316 4292 vox
333 4239 415 4292 etiarn
434 4238 506 4305 apud
524 4236 601 4292 Pind.
621 4237 662 4292 01.
681 4236 722 4292 IX
742 4244 799 4302 117,
818 4236 894 4290 Nem.
913 4236 938 4290 X
958 4241 998 4302 76,
1019 4237 1112 4290 Aesch.
1132 4236 1205 4291 Pers.
1225 4239 1284 4302 389,
1303 4236 1369 4294 Gho.

185 4337 234 4387 761
253 4333 316 4387 aliis
334 4333 399 4386 locis
417 4330 508 4388 habet.
