3120 4966
720 351 913 415 ..4-

219 538 322 604 aetate
344 538 383 603 de
404 537 515 603 eadem
536 556 571 604 re
593 539 795 621 scripserunt,
819 557 996 604 recenseam
1020 539 1310 606 commentationes.
1340 541 1410 622 qui·

218 649 278 715 bus
312 648 403 734 quasi
436 649 640 732 praelationis
673 651 740 716 loco
773 650 955 738 praemissis
990 651 1129 736 primum
1163 651 1201 718 de
1235 651 1406 718 scoliorum

220 761 340 846 origine
362 761 477 839 dicam,
501 762 624 840 deinde,
648 761 729 827 undo
752 780 789 828 ea
809 780 922 829 nomen
944 765 1109 845 traxerint,
1134 782 1304 849 exponam3
1335 768 1406 829 tum

219 874 295 958 quid
317 876 357 941 de
378 875 546 941 scoliorum
568 876 600 940 vi
622 891 658 939 ac
680 875 795 939 natura
815 876 858 940 sit
880 876 1094 956 statuendum,
1126 876 1208 960 quod
1235 875 1405 942 discrimen

218 986 394 1052 intercedat
417 983 500 1050 inter
522 985 598 1050 haec
620 988 783 1068 ceteraque
806 987 949 1052 carmina
971 986 1156 1069 convivalia,
1186 988 1310 1071 quando
1334 989 1406 1071 qui·

217 1097 338 1180 busque
370 1096 592 1162 instrumentis
627 1096 756 1162 musicis
790 1098 1000 1163 eminentibus
1035 1098 1132 1163 scolia
1167 1101 1294 1166 cantata
1327 1103 1402 1180 sint,

217 1209 400 1276 describam.
432 1209 544 1293 quibus
573 1207 667 1273 robus
694 1209 846 1275 absolutis
867 1210 933 1275 iam
955 1229 1054 1294 pauca
1082 1210 1196 1277 addam
1225 1215 1264 1278 de
1291 1213 1405 1296 poetis,

220 1322 274 1406 qui
296 1321 401 1387 scoliis
424 1321 606 1403 compositis
628 1320 859 1405 inclaruerunt3
890 1322 1023 1405 deniquo
1054 1324 1249 1405 exploremus
1280 1342 1404 1389 necesse

217 1438 275 1518 est,
298 1453 358 1518 quo
374 1438 514 1515 temporo
529 1432 698 1499 sooliorum
712 1433 814 1515 poesis
829 1433 981 1514 floruerit,
1005 1435 1190 1518 quandoque
1207 1453 1314 1501 eorum
1329 1455 1406 1502 usus

216 1545 405 1612 imminutus
428 1545 472 1610 sit
494 1545 712 1628 paulatimque
734 1563 860 1629 prorsus
883 1545 1023 1612 desierit.

318 1999 493 2067 Scoliorum
525 1999 627 2084 poesis
660 1999 817 2085 originem
851 2018 888 2065 ac
920 2002 1067 2067 naturam
1096 2001 1161 2067 iam
1192 2003 1268 2086 ipsis
1294 2022 1401 2087 gram·

215 2111 341 2179 maticis
371 2113 537 2190 veteribus,
567 2112 620 2194 qui
650 2112 775 2195 quidem
799 2109 940 2177 Caesaris
964 2112 1135 2180 Octaviani·
1151 2113 1291 2198 Augusti
1319 2117 1401 2179 tom·

214 2225 342 2308 poribus
372 2224 526 2304 vixerunt,
561 2224 729 2289 nonsatis
757 2228 936 2308 perspectas
965 2225 1061 2292 fuisse
1090 2246 1127 2292 ex
1156 2225 1400 2309 commentariis,

213 2355 290 2421 quos
313 2337 351 2401 de
374 2354 409 2402 ea
438 2356 470 2401 re
498 2337 754 2420 conscripserunt,
784 2336 994 2420 intellegitur.
1028 2338 1067 2402 ad
1097 2341 1238 2404 nostram
1268 2338 1396 2420 quidem

213 2449 398 2517 memoriam
421 2466 590 2532 paucorum
613 2449 680 2514 eius
704 2448 788 2513 modi
804 2450 1100 2515 commentariorum
1116 2450 1258 2533 pervenit
1273 2449 1398 2528 notitia,

214 2579 346 2647 quorum
369 2564 511 2626 auctores
534 2558 662 2625 luerunt
684 2559 839 2643 Tyrannio
864 2560 896 2625 et
919 2559 1074 2645 Didymus
1098 2559 1331 2639 Chalcenterus,
1360 2560 1397 2624 de

213 2675 335 2758 quibus,
360 2671 511 2756 quidquid
534 2671 687 2755 expiscari
709 2671 789 2736 mihi
812 2671 956 2757 contigit,
981 2671 1047 2737 iam
1069 2690 1253 2756 proponam.

315 2783 364 2849 Ac
394 2783 623 2868 Tyrannionem
657 2785 783 2867 quidem
817 2786 1006 2868 peculiarem
1040 2785 1186 2850 libellum
1221 2783 1259 2849 de
1294 2783 1399 2848 sooliis

212 2896 381 2963 confecisse
403 2896 550 2961 docemur
573 2916 592 2961 a
613 2894 709 2962 Suida
732 2916 755 2962 s.
773 2916 803 2962 v.
822 2901 972 2962 σκολιόν·
999 2900 1177 2981 ὑπόμνημα
1193 2897 1316 2981 ἔγραψε
1334 2899 1397 2959 Τυ-

212 3012 359 3094 ραννίων
379 3010 455 3092 περὶ
474 3018 534 3071 τοῦ
557 3011 693 3073 σκολιοῦ
714 3011 848 3093 μέτρου,
868 3011 886 3073 ὃ
908 3013 1077 3094 προετάθη
1099 3010 1188 3096 αὐτῷ
1211 3009 1276 3073 ὑπὸ
1293 3009 1400 3072 Γαΐου

211 3122 392 3203 Καίσαρος,
422 3137 500 3203 quae
530 3119 623 3185 uerba
650 3120 786 3201 repetita
813 3121 949 3204 legimus
977 3141 1013 3186 ex
1035 3121 1275 3202 interpolatione
1297 3117 1396 3183 Marci

211 3232 334 3297 Musuri
368 3231 402 3297 in
435 3231 562 3296 scholiis
596 3231 636 3296 ad
665 3231 885 3313 Aristophanis
915 3231 993 3296 Rau.
1022 3253 1051 3298 v.
1076 3232 1170 3297 1302.
1206 3249 1397 3314 quamquam

210 3346 327 3409 mirum
356 3343 457 3409 videri
485 3345 598 3426 potest,
630 3345 711 3426 quod
739 3343 967 3426 grammaticus
997 3343 1053 3408 illo
1078 3346 1236 3429 περὶτοῦ
1260 3346 1399 3407 σκολιοῦ

210 3458 343 3541 μέτρου,
366 3457 400 3519 at
422 3471 482 3519 non
505 3457 661 3540 περὶτῶν
683 3458 825 3519 σκολιῶν
850 3458 959 3539 μελῶν
982 3454 1144 3537 scripsisse
1166 3473 1185 3519 0
1208 3453 1303 3520 Suida
1325 3474 1396 3537 per·

210 3567 345 3633 hibetur.
369 3585 464 3650 quam
486 3566 524 3631 ob
547 3585 624 3644 rom,
648 3567 676 3631 si
699 3565 814 3632 Suidao
837 3565 931 3631 rerba
954 3585 1086 3648 premes,
1110 3564 1315 3631 statuendum
1337 3566 1395 3630 tibi

131 3694 134 3699 ·
211 3679 271 3744 erit
303 3678 534 3761 Tyrannionem
566 3677 649 3743 libro
683 3678 738 3742 illo
773 3695 833 3742 non
867 3680 935 3743 tam
970 3681 1008 3743 do
1042 3679 1210 3744 scoliorum
1243 3679 1328 3759 poesi
1361 3675 1395 3740 in

210 3790 389 3855 universum
419 3789 638 3873 disputavisse,
668 3809 762 3874 quam
789 3790 823 3853 in
850 3789 974 3853 diversa
1004 3788 1200 3873 singulorum
1227 3788 1394 3853 scoliorum

208 3905 310 3971 metra
337 3901 548 3984 inquisivisse,
577 3921 639 3984 qua
666 3904 698 3967 in
727 3920 760 3966 re
789 3900 971 3984 explicanda
1000 3901 1107 3979 scolia,
1143 3920 1223 3985 quae
1257 3900 1392 3965 circum·

209 4013 399 4090 ferebantur,
422 4013 590 4098 diligenter
607 4013 770 4096 colligaret
784 4013 884 4096 dequo
900 4013 1120 4078 diuersissimis
1137 4012 1246 4078 metris
1262 4048 1305 4059 —
1320 4031 1394 4076 nam

209 4125 295 4190 nullo
312 4128 395 4191 certo
410 4128 511 4190 metro
530 4124 662 4190 astricta
685 4124 781 4190 luisse
803 4124 879 4189 haec
902 4125 1043 4190 carmina
1065 4127 1174 4208 postea
1196 4125 1393 4188 demonstra·

208 4238 312 4304 bimus
334 4272 375 4285 ·-
398 4239 504 4320 ageret
531 4255 655 4301 necesse
677 4239 753 4302 erat.
783 4239 876 4319 atque
898 4239 965 4303 eius
993 4237 1077 4302 modi
1100 4235 1274 4319 disquisitio
1297 4254 1392 4319 quam

208 4348 343 4415 maximo
372 4352 440 4415 erat
468 4348 679 4434 grammatici,
708 4347 812 4433 qualis
842 4351 910 4414 orat
933 4348 1106 4435 Tyrannio;
1140 4366 1251 4431 parum
1285 4349 1392 4415 autem
