3120 4966
672 349 886 413 ..80-

183 537 223 603 oi.
248 539 344 604 ctiam
367 554 493 603 carmen
516 537 763 620 pulcherrimum
786 556 804 602 a
826 537 1031 620 grammatico
1053 537 1125 616 illo,
1150 537 1203 615 qui
1225 537 1371 604 libellum

183 650 220 715 de
236 649 434 715 sublimitate
451 649 633 732 composuit,
650 651 717 717 sive
731 650 899 734 Dionysius
915 651 941 714 is
958 649 1019 715 fuit
1035 651 1100 715 sive
1116 649 1287 731 Longinus,
1303 667 1371 714 scr·

184 764 295 828 vatum
320 762 359 846 [o.
386 761 462 845 10]).
501 760 646 844 Sapphus
669 760 807 827 earmina
830 762 982 845 quaedam
1011 760 1045 826 in
1069 760 1219 827 conviviis
1242 762 1371 827 cantata

184 893 248 939 esse
264 873 393 939 tradunt
409 873 560 939 Aelianus
583 873 667 955 apud
688 870 774 939 Stob.
790 873 873 939 Flor.
890 872 998 937 XXIX
1011 875 1069 939 58:
1093 876 1213 938 Σόλων
1235 873 1254 936 ὁ
1273 869 1372 955 Ἀθη-

184 996 276 1062 ναῑος
302 983 529 1070 Ἐξηκεστίδου
559 986 650 1069 ιιαρδι
671 987 775 1051 κότον
803 995 863 1050 τού
887 984 1070 1065 ἀδελφιδοῦ
1094 986 1198 1050 αύιοῦ
1221 985 1319 1068 μέλος
1341 1007 1373 1048 ιι

184 1102 350 1181 Σαπφοῦς
381 1092 525 1184 ᾅσαντος
546 1098 636 1180 ἥσθη
669 1101 712 1184 τῷ
737 1100 826 1181 μέλει
859 1099 915 1161 καὶ
946 1095 1123 1180 προσέταξε
1146 1101 1191 1185 τῷ
1214 1100 1373 1181 μειρακίῳ

184 1207 313 1286 διδάξαι
342 1210 460 1273 αὐτόν·
495 1208 722 1292 ἐρωτήσαντος
751 1209 788 1274 δέ
817 1231 907 1285 τινος
935 1209 992 1273 διδι
1013 1213 1114 1285 ποίαν
1137 1210 1247 1273 αἰτίαν
1272 1218 1372 1273 τοῦτο

182 1321 400 1402 ἐσπούδασεν,
429 1321 448 1385 δ
477 1321 514 1385 δὲ
545 1322 627 1405 ἔφη·
660 1321 715 1385 ἵνα
742 1321 862 1404 μαθὼν
897 1322 979 1385 αὐτὸ
1013 1318 1187 1401 ἀποθάνω,
1222 1322 1255 1386 ct
1281 1319 1369 1385 Plut.

184 1430 311 1512 Quaest.
334 1451 434 1515 symp.
457 1432 520 1498 VII
543 1433 575 1510 8,
598 1433 637 1498 2:
661 1413 833 1516 Σαπφοῦς
850 1433 1093 1516 ἀναδεχομένης
1115 1434 1171 1498 καλ
1192 1441 1260 1498 τῶν
1278 1428 1372 1496 Ἀνα-

184 1544 339 1627 κρέονιος
368 1543 433 1628 ἐγώ
463 1567 520 1628 μοι
551 1543 639 1608 δοκῶ
668 1546 878 1609 καταθέσθαι
910 1545 947 1608 ιδ
975 1545 1136 1628 ποτήριον
1164 1544 1390 1628 αἰδούμενος·

183 1656 278 1721 soolia
300 1657 407 1722 autem
428 1675 462 1721 re
483 1674 559 1721 vera
587 1655 745 1739 appellata
768 1674 835 1720 esse
858 1654 1002 1740 Sapphus
1028 1656 1168 1721 carmina
1197 1654 1374 1721 convivalia

184 1767 343 1851 colligitur
372 1767 460 1847 inde,
491 1768 573 1850 quod
597 1770 633 1832 de
649 1767 776 1832 Admoti
807 1765 902 1833 acolio
926 1768 1097 1833 Pausanias
1125 1767 1160 1831 in
1182 1766 1281 1832 lexico
1307 1768 1371 1832 tra·

184 1879 265 1944 didit
287 1879 440 1958 dubitari,
471 1881 580 1944 utrum
609 1878 647 1944 ad
669 1878 822 1945 Alcaeum
849 1879 901 1943 vel
924 1878 1045 1961 Sappho
1075 1898 1115 1944 au
1137 1881 1176 1945 ad
1198 1877 1372 1943 Pranillam

184 1989 382 2055 referendum
405 1990 447 2056 sit
463 1991 640 2068 auctorem
664 1990 703 2057 cf.
719 1989 865 2055 Eustath.
882 1991 956 2056 326.
972 1991 1023 2068 36,
1047 1990 1143 2057 schol.
1160 1990 1259 2056 Arist.
1277 1990 1370 2072 Vesp.

184 2121 215 2169 v.
236 2102 328 2167 1240.
358 2100 438 2166 falso
469 2101 568 2184 igitur
598 2104 726 2184 negavit
750 2101 897 2185 Hartung
918 2101 940 2166 1.
965 2119 991 2166 c.
1013 2102 1101 2167 vla
1131 2103 1272 2167 carmina
1299 2120 1372 2167 con·

185 2215 300 2280 nivalia
341 2213 479 2298 potuisse
517 2212 609 2278 condi
645 2232 663 2278 a
700 2211 828 2297 poetriis
865 2211 1013 2278 Aeoliois.
1063 2231 1255 2296 quamquam
1295 2230 1370 2277 oon·

187 2326 358 2392 cedendum
389 2331 437 2390 est
470 2325 619 2406 pleraque
653 2326 792 2390 carmina
822 2323 985 2407 aSappho
1015 2325 1140 2392 condite
1174 2325 1272 2390 inisse
1303 2323 1370 2389 eius

186 2438 281 2516 modi,
308 2439 345 2502 ut
367 2456 385 2502 a
404 2437 596 2501 carminibus
619 2435 834 2502 convivalibus
858 2455 951 2519 quam
969 2436 1105 2501 manime
1129 2439 1232 2502 essent
1255 2436 1368 2517 aliena,

185 2548 284 2614 veluti
300 2548 512 2632 epithalamia,
536 2547 710 2633 hymenaei,
734 2548 806 2626 alia,
830 2548 945 2629 quade
961 2549 1149 2613 reconderes
1166 2550 1271 2627 etiam,
1295 2566 1374 2630 quae

185 2681 215 2744 p.
238 2661 281 2727 45
305 2681 351 2745 sq.
375 2661 614 2745 disputavimus.

535 2853 606 2931 De
637 2850 794 2950 poetis
822 2849 1010 2930 Ionicis

652 3021 672 3092 1.
696 3021 907 3106 Pyldormua.
1024 3047 1027 3053 ·

288 3169 455 3236 Poetarum
473 3169 659 3246 lonicorum,
683 3169 737 3252 qui
759 3169 855 3235 scolia
870 3170 1118 3251 composuerunt,
1141 3168 1273 3233 duorum
1291 3186 1374 3234 oom-

186 3283 275 3362 perta
301 3280 453 3346 habemus
480 3283 621 3366 nomina,
650 3280 814 3365 Pythermi
838 3281 869 3347 et
892 3281 1107 3346 Anacreontis.
1145 3298 1182 3345 ac
1205 3279 1370 3363 Pythermi

183 3394 294 3476 poetae
317 3392 464 3458 notitiam
487 3394 632 3459 debemus
648 3393 809 3458 Athenaeo
824 3391 901 3456 XlV
917 3392 980 3457 625
995 3390 1028 3468 (λ,
1050 3391 1104 3472 qni
1126 3390 1203 3455 hacc
1218 3392 1369 3458 tradidit:

186 3506 269 3588 φασὶ
292 3504 328 3568 δὲ
353 3508 536 3589 Πύθερμον
564 3505 623 3569 τὸν
648 3506 750 3587 Τήιον
779 3503 880 3590 ἐντῷ
904 3505 993 3588 μένει
1015 3511 1073 3585 τῆς
1095 3501 1255 3587 ἁρμονίας
1284 3505 1373 3590 αύτῷ

185 3620 292 3705 τούτῳ
316 3616 350 3696 (i.
374 3634 399 3682 a.
422 3620 466 3702 τῷ
491 3626 548 3700 τῆς
565 3611 666 3681 Ἰαστὶ
688 3617 848 3701 ἁρμονίας
870 3616 970 3698 γένει)
996 3623 1132 3700 ποιησαι
1155 3618 1254 3679 σκαιὰ
1276 3616 1374 3699 μέλη·

186 3729 242 3792 καλ
264 3729 320 3792 διδι
337 3730 374 3793 τὸ
390 3725 476 3793 εἶναι
497 3729 557 3793 τὸν
571 3727 714 3811 ποιητὴν
726 3723 873 3791 Ἰωνικὸν
884 3722 985 3790 Ἰασιλ
1006 3728 1174 3810 κληθῆναι
1195 3726 1256 3809 νην
1272 3726 1373 3810 ἁρμο-

186 3845 280 3906 νίαν·
303 3830 401 3918 οὗτός
423 3842 491 3906 ἐστι
508 3843 699 3926 Πύθερμος,
722 3823 766 3904 οὗ
787 3840 988 3924 μνημονεύει
999 3834 1152 3916 Ἀνάνιος
1173 3833 1374 3921 ἢἹιιιιῶναξ

187 3953 224 4018 έν
247 3964 316 4031 τοῖς
338 3955 468 4038 ἰάμβοις
491 3956 616 4031 οὕτως·
1068 3949 1069 3952 '

392 4093 518 4176 χρυσὸν
541 4093 628 4175 λέγει
651 4093 843 4175 Πύθερμος,
866 4088 910 4165 ὡς
932 4088 1034 4154 οὐδὲν
1056 4091 1167 4154 τᾶλλα.

187 4230 273 4313 λέγει
296 4228 325 4293 δ’
341 4231 448 4306 οὕτως
469 4230 488 4293 ὁ
512 4231 706 4313 Πύθερμος·

436 4335 538 4432 οὐδέν
560 4357 603 4451 ἦν
626 4370 690 4451 ἄρα
713 4369 814 4430 τᾶλλα
835 4365 923 4448 πλην
944 4365 963 4429 δ
984 4365 1116 4448 χρυσός.
1163 4363 1169 4441 ἶ
