3120 4966
613 265 882 373 925-

181 501 219 562 de
256 497 314 562 hac
350 515 384 561 re
420 496 579 562 sententia
620 495 736 578 legitur
771 494 854 578 apud
892 494 1091 563 Athenaeum
1128 497 1188 561 XV
1225 500 1290 564 694
1326 499 1372 564 A:

181 611 298 674 σκολιὰ
327 609 363 674 δὲ
385 611 566 673 καλοῦνται
599 609 640 673 οὐ
667 610 750 673 κατὰ
778 608 837 671 τὸν
852 619 921 693 ,τῆς
948 610 1140 690 μελοποιίας
1168 612 1293 694 τρόπον
1322 613 1373 675 ὅτι

182 722 313 796 σκολιὸς
334 711 392 804 ἦν·
414 722 549 804 λέγουσι
570 722 634 803 γὰρ
657 719 695 784 ἐν
715 729 788 796 ταῖς
810 720 998 800 ἀνειμέναις
1019 717 1105 784 εἶναι
1131 724 1263 786 σκολιά·
1291 723 1373 786 άλλὰ

181 843 283 918 τριῶν
305 842 413 916 γενῶν
435 835 553 914 ὄντων,
578 833 622 907 ὥς
645 849 748 914 φησιν
770 833 934 916 Ἀρτέμων
956 832 974 894 ό
997 833 1222 917 Κασανδρεὺς,
1238 833 1274 897 ἐν
1297 834 1373 898 δευ-

182 949 265 1034 τέρῳ
284 947 422 1028 βιβλίων
445 943 547 1029 (codd.
565 945 695 1032 βιβλίῳ)
719 944 875 1026 χρήσεως,
899 941 935 1006 ἐν
958 943 1008 1019 οἷς
1029 946 1158 1029 ιδπερὶ
1175 946 1233 1020 τὰς
1251 963 1373 1009 συνου-

183 1061 257 1132 σίας
284 1047 327 1140 ἦν
350 1053 512 1144 ᾀδόμενα,
547 1055 595 1118 τόν
624 1055 745 1137 τὸμὲν
766 1063 899 1139 πρῶτον
927 1045 987 1138 ἦν,
1021 1055 1038 1117 ὃ
1062 1056 1103 1138 δὴ
1132 1058 1259 1132 πάντας
1280 1053 1374 1144 ᾅδειν

183 1171 285 1252 νόμος
307 1159 359 1253 ἦν,
382 1169 419 1231 τὸ
443 1167 479 1232 δὲ
494 1167 662 1250 δεύτερον,
685 1167 707 1249 ὃΔ
727 1167 767 1249 δὴ
791 1171 911 1241 πάντες
933 1168 993 1249 μὲν
1021 1157 1115 1251 ᾖδον,
1139 1168 1180 1231 οὐ
1203 1168 1269 1250 μὴν
1291 1170 1375 1233 άλλά

183 1304 221 1364 γε
243 1284 327 1345 κατά
349 1302 425 1343 τινα
447 1280 605 1362 περίοδον
628 1276 662 1355 ἐξ
676 1279 852 1362 ὑποδοχῆς,
875 1282 987 1362 τρίτον
1010 1278 1046 1342 δὲ
1068 1280 1124 1342 aar
1146 1278 1375 1361 apocalama

183 1392 275 1470 τάξιν
290 1394 376 1477 ἔχον,
399 1381 441 1455 οὗ
455 1401 605 1474 μετεῖχον
627 1391 739 1456 οὐκέτι
760 1395 891 1472 πάντες,
915 1391 983 1455 ἀλλ’
1001 1391 1033 1454 οἱ
1048 1393 1182 1455 συνετοί
1197 1392 1376 1467 δοκοῦντες

72 1540 74 1544 -
183 1501 269 1568 εἶναι
291 1505 389 1585 μόνοι
422 1503 478 1566 καὶ
505 1505 589 1566 κατὰ
610 1505 714 1566 τόπον
739 1505 815 1566 τινὰ
837 1504 867 1566 εί
888 1504 1020 1586 τύχοιεν
1042 1505 1152 1579 ὄντες·
1187 1502 1302 1587 διόπερ
1332 1501 1377 1580 ὡς

184 1614 320 1692 ἀταξίαν
341 1617 417 1680 τινὰ
438 1618 543 1697 μόνον
565 1616 655 1697 παρὰ
676 1617 778 1679 τᾶλλα
800 1615 876 1698 ἔχον
889 1616 927 1678 τὸ
949 1615 1030 1697 μηθ’
1048 1615 1115 1699 άμα
1136 1614 1217 1698 μηθ’
1238 1613 1310 1699 ἑξῆς
1323 1637 1375 1698 γε·

184 1731 343 1811 νόμενον,
377 1725 447 1818 ἀλλ’
477 1728 562 1791 ὅπου
591 1727 706 1810 ἔτυχεν
733 1723 835 1806 εἶναι,
864 1727 999 1790 οκολιὸν
1028 1726 1162 1810 ἐκλήθη.
1193 1726 1288 1792 verba
1315 1727 1377 1808 τὴν

185 1839 238 1903 ἐπὶ
265 1848 346 1903 πάσι
376 1836 469 1914 τάξιν
491 1839 567 1922 ἔχον
595 1837 634 1901 ab
657 1837 779 1921 llgenio
809 1837 888 1903 falso
911 1837 1108 1920 explicantur
1139 1858 1169 1920 p.
1193 1837 1376 1903 LXXXVII

187 1952 260 2016 adn.
289 1951 347 2016 67:
375 1945 520 2014 ‘tertium
551 1951 660 2013 autem
687 1968 786 2032 genus
816 1954 880 2026 est,
915 1951 997 2031 qnod
1031 1950 1160 2032 quidem
1193 1951 1233 2015 ad
1268 1968 1376 2016 omnes

192 2061 300 2125 ordine
329 2056 560 2144 pertingebat',
592 2079 670 2143 quae
698 2060 917 2143 interpretatio
941 2061 1072 2124 adversa
1095 2060 1196 2125 fronte
1219 2065 1375 2144 repugnat

189 2171 290 2237 verbis
320 2173 457 2254 proxime
486 2174 704 2254 sequentibus:
735 2162 777 2235 οὗ
806 2182 957 2256 μετεῖχον
989 2173 1100 2237 οὐκέτι
1121 2176 1251 2248 πάντες.
1290 2174 1375 2237 reeta

191 2285 293 2348 autem
317 2283 482 2350 verborum
504 2285 669 2366 explicatio
694 2284 777 2349 ultro
801 2303 866 2349 sese
888 2284 978 2349 nobis
1001 2285 1108 2366 offert,
1143 2285 1172 2350 si
1194 2283 1375 2367 respicimus

190 2414 241 2476 cc,
266 2415 343 2477 quae
364 2397 554 2477 sequuntur:
584 2397 621 2460 τὸ
646 2396 682 2459 δὲ
704 2407 859 2460 τοιοῦτον
882 2394 990 2482 ᾔδετο,
1020 2398 1117 2461 ὁπότε
1139 2400 1181 2461 τὰ
1203 2399 1299 2461 κοινά
1322 2399 1377 2461 καί

187 2516 288 2573 τάσιν
311 2509 475 2592 ἀναγκαῖα
498 2510 589 2584 τέλος
611 2510 723 2591 λάβοι,
746 2509 895 2573 vertenda
917 2507 1017 2592 igitur
1039 2510 1113 2573 sunt
1131 2510 1224 2574 rerba
1245 2509 1307 2590 τὴν
1324 2508 1377 2573 ἐπὶ

188 2629 267 2685 πᾶσι
301 2618 393 2697 τάξιν
427 2621 504 2704 ἕχον
531 2615 617 2702 ‘post
646 2620 759 2698 omnia,
793 2621 934 2684 omnium
967 2617 1187 2702 postremum,
1219 2621 1257 2685 cl.
1286 2622 1378 2690 (irim

190 2732 211 2795 l.
229 2751 254 2797 o.
280 2753 311 2816 p.
326 2732 367 2798 37
391 2734 462 2797 adn.
486 2732 516 2796 9.
541 2732 636 2797 verba
657 2735 764 2797 autem
787 2733 870 2796 κατὰ
893 2735 997 2798 τόπον
1019 2735 1094 2797 τινὰ
1116 2735 1146 2797 εί
1168 2737 1300 2817 τύχοιεν
1322 2735 1377 2796 όν-

190 2867 243 2922 τες
266 2843 407 2928 ‘genuina
429 2862 493 2908 esse
510 2862 573 2908 non
589 2845 721 2925 possunt
744 2846 776 2908 et
798 2847 924 2927 propter
938 2862 1080 2921 sensum,
1103 2845 1156 2927 qui
1172 2845 1237 2909 fere
1253 2849 1324 2908 cont
1342 2864 1377 2909 a·

189 2957 268 3021 riam
303 2957 442 3022 usitatae
477 2954 644 3020 sooliorum
685 2955 888 3037 explicationi
929 2958 1058 3038 praebet
1094 2956 1306 3033 sententiam,
1347 2957 1378 3019 et

189 3073 314 3152 propter
338 3068 431 3134 verba
453 3068 617 3149 sequentia
639 3067 708 3132 ἀλλ’
730 3069 816 3132 ὅπου
841 3068 955 3152 ἔτυχεν
977 3064 1079 3148 εἶναι,
1109 3067 1222 3151 quibus
1246 3068 1378 3133 eandem

189 3181 254 3245 sine
282 3180 376 3245 dubio
406 3200 472 3244 rem
503 3178 735 3262 significaturus
767 3185 834 3244 erat
857 3180 1048 3245 Athenaeus.
1087 3198 1186 3262 neque
1215 3198 1289 3244 xero
1324 3182 1379 3244 ad-

190 3292 334 3376 stipulari
356 3309 483 3376 possum
506 3292 644 3374 Ilgenio‚
680 3293 732 3373 qui
756 3291 835 3357 hano
858 3292 1047 3374 scripturam
1076 3293 1157 3356 tueri
1189 3295 1296 3357 studet
1325 3311 1379 3356 ex·

191 3404 353 3488 plicando:
383 3398 451 3487 ‘qui
483 3405 550 3468 loco
579 3403 730 3484 quodam,
764 3406 792 3469 si
820 3403 945 3485 quidem
962 3404 1144 3486 acciderat,
1178 3406 1269 3468 erant
1295 3404 1326 3468 h.
1352 3423 1376 3467 e.

191 3515 257 3581 loco
292 3517 443 3596 quisque,
478 3533 570 3598 quem
605 3533 696 3580 casus
731 3514 869 3598 tulerat,
911 3510 1166 3593 accumbebant'‚
1207 3516 1376 3599 laudatque

191 3627 388 3710 Daleoampii
416 3627 724 3709 interpretationem:
756 3622 826 3708 ‘qui
852 3628 919 3692 loco
942 3630 1028 3693 certo
1051 3627 1186 3709 quodam
1212 3626 1376 3692 accubuis-

192 3736 286 3817 sent'‚
315 3758 394 3822 quae
424 3739 550 3821 quidem
580 3745 665 3804 recte
687 3758 720 3804 se
742 3739 857 3804 habere
882 3739 1019 3816 videtur,
1047 3740 1075 3803 si
1098 3740 1195 3834 verba
1228 3739 1299 3822 ipsa
1328 3758 1378 3802 re·

192 3851 362 3935 spicimus‚
396 3852 449 3915 sed
473 3869 599 3932 prorsus
622 3851 752 3915 tolerari
778 3852 903 3933 nequit,
939 3851 966 3915 si
996 3850 1034 3916 de
1056 3851 1161 3916 scoliis
1188 3851 1264 3916 haec
1293 3849 1379 3915 dicta

194 4040 348 4096 Aristotelis
372 4039 472 4107 scripta
497 4037 591 4091 edidit.
627 4037 661 4091 ab
685 4038 770 4091 altera
793 4041 869 4107 parte
893 4039 1004 4092 Artemo
1032 4039 1122 4092 iunior
1150 4039 1185 4105 (l)
1209 4041 1276 4100 erat,
1299 4052 1381 4106 quam

192 4135 337 4204 Dionysius
356 4132 575 4202 Scytobraohion,
601 4132 676 4185 cuius
695 4134 799 4202 ipsein
820 4149 898 4202 opere
921 4132 985 4202 περὶ
1008 4131 1168 4199 συναγωγῆς
1189 4131 1301 4201 βιβλίων
1324 4147 1381 4184 me·

193 4231 276 4284 minit
299 4230 397 4298 quique
419 4225 574 4296 Apollodori
597 4227 654 4281 fere
675 4227 794 4296 aequalis
818 4227 873 4282 suit
896 4244 918 4281 c.
939 4234 988 4282 150
1006 4245 1029 4281 a.
1052 4222 1121 4282 Chr!
1149 4226 1193 4295 (cf.
1219 4224 1331 4279 Mueller
1349 4224 1380 4279 11

193 4341 218 4394 p.
238 4329 253 4378 6
272 4328 339 4392 not.)
